3430 5554
887 655 927 717 16

387 837 511 921 Olymp.
534 837 599 901 VH
623 840 650 902 9.
674 836 844 912 ἱλάσκομκι,
868 843 980 902 natum
994 835 1137 909 θεῖ’λοιος,
1152 838 1331 922 significare
1344 841 1466 922 nequit,

345 951 430 1034 quod
465 956 599 1014 sumunt
632 949 841 1014 Scholiasiam
875 953 976 1015 secuti
1010 952 1216 1034 interpretes·
1239 949 1352 1030 ἱλοιροὺς
1386 954 1466 1024 ποιῶ,

343 1060 495 1143 εὐφροάνοο,
520 1064 576 1128 sed
597 1064 648 1126 hic
670 1068 718 1128 est
741 1064 828 1146 qued
851 1083 976 1146 semper
994 1069 1026 1128 et
1047 1063 1177 1147 ubique,
1197 1060 1296 1135 ἱλάονς
1310 1066 1466 1140 ποιοῦμοοι,

345 1177 555 1261 propitios
580 1177 684 1241 mihi
707 1177 852 1259 redde,
876 1181 1031 1259 tanquam
1056 1177 1141 1259 deos,
1164 1196 1245 1260 quos
1269 1177 1470 1257 hymnis-ho·

345 1306 513 1354 noramus.
538 1289 776 1374 Olympionices
798 1290 914 1354 divinis
937 1309 1037 1374 paene
1061 1289 1236 1355 honoribus
1262 1288 1376 1354 Graeci
1398 1309 1471 1373 pro·

345 1402 569 1496 sequebantur.
591 1403 754 1468 Pindar.
781 1404 832 1466 11.

390 1600 430 1666 V.
454 1603 504 1665 58.
527 1599 667 1674 άπεάντος
688 1599 715 1665 δ’
740 1597 816 1672 οὔτις
838 1596 1012 1675 ἔνδειξεν
1035 1599 1133 1680 λάχος
1154 1599 1278 1666 Ἀελίον.

392 1717 478 1781 Ante
499 1716 558 1780 hos
579 1715 820 1799 quatuordecim
839 1735 940 1779 annos
951 1715 986 1778 in
1005 1714 1474 1780 Animadversionibus

348 1829 444 1914 phil.
468 1828 515 1892 ad
535 1827 821 1913 Theognidem
843 1848 913 1911 pag.
935 1828 975 1891 75
1000 1827 1070 1891 dixi
1088 1827 1380 1892 Pindarumvideri
1392 1828 1473 1892 mihi

350 1943 514 2027 scripsisse
544 1939 717 2020 ἔνριψεν,
754 1961 850 2025 quam
874 1943 1091 2006 coniecturam
1113 1961 1201 2006 nunc
1222 1943 1335 2025 repetit
1357 1937 1478 2006 Naber.

350 2056 390 2119 In
409 2055 653 2120 Pindaricis
676 2054 810 2118 fortasse
831 2055 903 2119 ideo
926 2073 991 2117 non
1010 2053 1071 2118 feci
1090 2055 1293 2136 mentionem,
1307 2054 1392 2138 quod
1408 2073 1478 2120 cce-

350 2187 459 2252 peram
485 2167 628 2231 dubitare
651 2168 752 2230 hocne
774 2168 884 2231 verius
912 2172 1005 2249 esset,
1028 2187 1070 2230 an
1092 2163 1254 2239 ἤνεικεν.
1280 2166 1377 2246 Nunc
1400 2187 1475 2232 cum

351 2293 387 2354 in
398 2282 480 2348 idem
494 2281 641 2345 inciderit
650 2279 766 2364 Nabar,
778 2283 897 2346 maiore
909 2280 1029 2345 fiducia
1041 2286 1148 2366 repeto
1160 2282 1247 2365 quod
1259 2282 1334 2346 olim
1344 2283 1476 2366 repperi.

274 2520 275 2524 =
337 2518 340 2524 ·
396 2479 436 2544 V.
461 2479 510 2544 73.
534 2477 662 2558 Κάμιρον
695 2499 751 2563 pro
787 2477 928 2559 Κάμειρον
966 2499 1008 2546 ex
1042 2481 1177 2544 vetustis
1213 2481 1314 2544 titulis
1349 2481 1476 2545 restitui

353 2591 468 2658 Pind.
493 2593 544 2657 11.

399 2790 438 2856 V.
463 2793 504 2856 93
527 2790 570 2869 pi
594 2788 702 2871 κρύπτε
724 2790 848 2856 κοινὸν
871 2788 979 2871 σπέρμ’
1005 2790 1066 2854 άπὸ
1089 2787 1324 2862 Κοολλιάνοοκτος.

401 2903 486 2982 Quid
519 2906 660 2989 requirat
694 2906 860 2987 sententia,
893 2906 997 2969 sensit
1031 2904 1216 2969 scholiasta:
1241 2902 1285 2980 μδ
1317 2901 1425 2984 κρύπτε
1447 2903 1480 2967 τδ

357 3017 445 3082 κοινδν
475 3015 527 3082 nai
551 3015 739 3090 διάδηλον
760 3022 844 3088 τοῖς
867 3023 1036 3088 πολλοῖς
1058 3039 1086 3079 τ.
1112 3024 1146 3080 Κ.
1172 3013 1264 3093 γένος,
1290 3017 1346 3082 sed
1370 3017 1481 3101 depra-

356 3136 463 3195 vatam
492 3131 661 3194 lectionem
684 3131 910 3214 interpretatus
933 3134 989 3194 est.
1012 3128 1135 3192 Verum
1159 3129 1287 3194 videtur
1301 3127 1481 3202 κλεινάν,

355 3220 446 3328 ¹quod
467 3263 542 3308 cum
565 3243 659 3307 κοοινάν
682 3249 713 3308 et
736 3240 823 3307 κοινάν
847 3242 1003 3306 confundi
1028 3243 1152 3308 assolet.
1175 3242 1291 3308 Pind.
1317 3242 1368 3306 11.
1406 3319 1407 3322 ¹

402 3441 442 3504 V.
466 3443 516 3506 52.
539 3438 611 3521 ἔργον
631 3440 665 3504 δὲ
687 3438 841 3520 ζωοῖσιν
865 3437 1032 3520 ἑρπόντεσσί
1054 3440 1077 3504 θ’
1103 3440 1192 3517 ὁμοῖον
1214 3437 1339 3504 κέλευθοι
1362 3436 1455 3518 φέρον.

404 3555 535 3638 Ambigi
565 3559 669 3638 potest
696 3557 806 3618 utrum
827 3559 912 3617 recte
934 3553 1148 3618 Alexandrini
1172 3571 1283 3616 vocem
1307 3555 1481 3616 ΖΩΟΙΟΙΝ

360 3668 420 3731 hoc
441 3673 574 3731 accentu
597 3667 793 3747 donaverint,
817 3686 859 3729 an
882 3671 975 3749 poeta
998 3667 1105 3749 potius
1130 3665 1481 3748 volueritpartioipium

361 3777 481 3860 ζάοισιν.
504 3779 639 3845 Dubitas
662 3783 748 3845 enim
771 3779 913 3844 adhibito
936 3779 1007 3842 loco
1029 3778 1053 3841 I.
1078 3778 1144 3842 VII
1169 3779 1229 3841 30:

573 3893 651 3960 άτῶν
674 3897 761 3975 γενεᾷ
784 3891 906 3970 μὲνιςον
930 3890 1013 3964 κλέος
1036 3887 1131 3965 ονάξοιν

573 4005 718 4087 ζώοντ’
742 4006 802 4070 άπὸ
820 4004 873 4070 xci
897 4005 1025 4079 άοονάν,
1053 4007 1072 4068 i.
1086 4024 1111 4069 e.
1136 4002 1189 4068 κοιὶ
1212 4003 1370 4068 arcessar.

410 4121 454 4185 ef.
490 4120 582 4204 Soph.
614 4119 649 4183 Ο.
681 4118 713 4183 O.
745 4121 818 4184 390.
848 4120 923 4184 Ant.
948 4120 1021 4183 210.
1050 4120 1123 4182 852.
1146 4118 1195 4181 Tr.
1221 4119 1367 4184 rasse.
1392 4117 1488 4184 1111.

369 4235 462 4299 1163.
485 4235 536 4298 nr.
561 4215 656 4297 1385.
678 4232 736 4297 rn.
760 4234 824 4295 412
848 4232 916 4312 (un
940 4238 1047 4296 tamen
1068 4231 1178 4295 manm
1200 4232 1250 4294 aa
1274 4224 1307 4304 λι
1331 4228 1372 4295 εει
1395 4227 1485 4314 ξος).

366 4348 481 4413 Aeseh.
500 4347 583 4431 Sept.
609 4347 703 4410 1034.
726 4346 786 4429 Ag.
811 4346 883 4409 630.
908 4344 962 4408 Oh.
988 4345 1061 4408 886.
1086 4345 1158 4408 915.
1185 4344 1279 4408 1043.
1300 4343 1349 4407 rr.
1364 4343 1437 4424 133,
1448 4342 1488 4405 al.

368 4460 431 4526 Sed
459 4460 532 4524 vide
560 4458 658 4522 LIII
683 4460 722 4522 10
746 4455 890 4546 μάρτάριοο
912 4455 1060 4537 Φάιμένοιν
1082 4455 1184 4536 ζειῶν
1208 4479 1242 4519 τε
1264 4458 1378 4538 Φωτῶν.
1408 4453 1490 4519 Cum
