3430 5554
904 679 946 741 64

368 867 403 927 in
433 864 640 948 Napoleontis
670 866 779 948 magni
809 865 953 949 epiniciis
982 865 1010 927 d.
1035 865 1077 926 29
1100 863 1178 927 Maii
1202 885 1229 926 a.
1255 863 1339 927 1796
1363 846 1497 946 paenul-

370 980 479 1042 timam
504 979 654 1061 strophen
676 978 781 1042 finivit
803 979 864 1041 hcc
886 997 1000 1042 versu:

459 1091 496 1153 11
530 1091 630 1155 faut
664 1091 714 1155 de
745 1111 992 1155 nouveaux
1027 1091 1195 1153 chents
1230 1109 1346 1173 pour
1380 1088 1458 1152 des

621 1213 625 1219 '
1006 1202 1191 1286 [palmes
1228 1201 1495 1266 nouvelles.

414 1426 525 1489 Isthm.
549 1425 598 1488 VI
621 1426 673 1488 45.

557 1536 698 1614 λίσσομαι
720 1535 822 1600 παῖδα
847 1536 949 1616 θρασὺν
972 1532 1006 1608 ἕξ
1029 1534 1176 1616 Ἐριβοίας

557 1647 639 1729 ᾶνδρὶ
661 1649 744 1728 τῷδε,
769 1645 910 1722 ξεῖνον
933 1647 954 1712 ol
966 1649 1042 1726 ριὸν
1066 1647 1201 1728 μοιρίδιον
1222 1645 1351 1711 τελέται·

557 1762 627 1826 τὸν
649 1761 704 1839 μὲν
727 1758 863 1842 ᾶρρνκτνν
886 1759 977 1842 Φιιᾶν,
1002 1757 1140 1841 ὥσπερ
1163 1759 1229 1824 τοδε
1252 1758 1347 1836 δέρμα
1374 1783 1410 1837 νε

1183 1875 1243 1958 [νῦν
1267 1875 1490 1954 περιπλανᾶται.

414 1989 551 2073 Egregie
574 1989 699 2072 placent
720 1988 982 2053 Reuohensteinii
1005 1991 1187 2053 coniectura
1209 1983 1289 2067 ’ᾶνδρὶ
1314 1986 1388 2066 τῷδε
1411 1983 1491 2060 ξει-

373 2099 533 2179 νιτίμιρ
565 2106 595 2164 et
623 2100 797 2185 Hertungii
827 2102 905 2172 τὼς
928 2101 982 2178 μὲν
1006 2097 1152 2180 ἄρρηκτον,
1179 2101 1234 2165 sed
1257 2101 1402 2164 nondum
1426 2120 1496 2183 per-

373 2220 483 2278 sanata
507 2220 583 2278 sunt
605 2215 718 2278 ultima
741 2214 846 2279 verbe.
869 2213 952 2278 Nem
972 2215 1091 2279 lenitur
1110 2216 1238 2299 quidem
1252 2215 1406 2298 Pnuwius
1419 2214 1493 2277 olim

373 2330 532 2412 reposuit:
966 2313 969 2320 ⁴

727 2436 820 2519 ὥσπερ
843 2439 908 2503 τοδε
930 2438 1011 2520 δέρμ’
1035 2437 1053 2503 ἔ
1072 2464 1112 2517 με
1135 2445 1184 2504 νῦν
1207 2443 1434 2520 περιπλανᾶται,

372 2553 428 2616 sed
462 2572 525 2614 non
560 2553 652 2616 credo
681 2551 853 2616 Herculem
886 2572 926 2616 ex
941 2559 1060 2637 ‘poetae
1084 2560 1190 2618 mente
1214 2555 1334 2618 dixisse
1358 2555 1489 2617 Aiacem

371 2664 439 2728 fore
461 2685 591 2748 corpore
613 2670 678 2728 tam
701 2665 833 2728 robusto
858 2685 954 2748 quam
977 2666 1069 2749 pellis
1091 2667 1200 2738 leonis,
1222 2687 1320 2749 quam
1340 2666 1492 2750 gestabat,

373 2778 429 2841 scd
452 2797 548 2860 quam
576 2779 644 2861 ipse
666 2779 724 2859 lec,
747 2779 840 2842 cuius
862 2778 976 2862 pellem
998 2779 1148 2862 gestabat.
1174 2777 1329 2854 Quocirca
1352 2780 1490 2842 conieci:

372 2891 429 2962 τὼς
454 2890 508 2968 μὲν
531 2889 667 2971 ᾶρρνκτνν
689 2889 780 2969 Φυᾶν,
805 2892 854 2963 ὦς
878 2885 921 2954 οὗ
943 2889 1009 2954 τόδε
1031 2890 1126 2971 δέρμα
1150 2915 1190 2969 με
1211 2895 1258 2955 νῦν
1278 2893 1494 2972 περιπλανᾶται

373 3003 403 3090 ss
426 3002 467 3076 ln
479 3003 520 3084 ρό
532 3027 566 3075 ς,
590 3002 619 3066 ὃν
641 3001 823 3085 πᾶριπρωτνν
846 3002 954 3067 ᾶὲθλαν
977 3001 1077 3068 κτεῑνᾶ
1099 3005 1165 3069 ποτ’
1190 3005 1218 3068 ἐν
1242 3003 1357 3086 Νεμέα.

417 3241 455 3304 V.
481 3242 522 3303 58
546 3239 616 3303 τὸν
638 3237 777 3318 Ἀργείων
799 3235 901 3318 τρόπον
924 3237 1064 3318 εἰρήσεται
1087 3241 1147 3302 πᾶν
1167 3240 1197 3302 ἕν
1220 3238 1387 3318 βραχίτοις.

416 3354 543 3418 Nubere
568 3354 737 3417 conicienti
759 3351 806 3431 τῷ
832 3353 977 3436 displicet
999 3353 1098 3416 huius
1121 3354 1183 3416 loci
1207 3354 1394 3435 asyndeton,
1415 3355 1495 3417 mihi

373 3489 439 3532 non
471 3470 555 3531 item.
590 3465 673 3529 Vide
707 3486 737 3528 ν.
757 3485 782 3529 c.
817 3465 841 3528 Ι.
874 3465 936 3528 VH
969 3465 1008 3528 37
1033 3463 1169 3542 ᾶείτνμαι
1192 3463 1308 3544 χαίταν
1331 3465 1497 3544 ςεφᾶνατιν

373 3578 515 3660 ἁρμόζων.

418 3804 457 3866 V.
482 3803 532 3866 60.
555 3797 660 3881 ᾶραντι
682 3798 739 3880 νᾶρ
763 3797 846 3872 νίκας
868 3799 928 3881 alni
951 3797 1135 3878 παγκρατίου

444 3995 445 3998 ¹
563 3920 648 3993 τρεῖς,
671 3913 726 3976 ἀπ’
750 3913 877 3988 Ἰσθμοῦ,
901 3910 957 3982 τᾶς
982 3911 1008 3974 δ’
1034 3912 1089 3974 ᾶπ’
1112 3910 1261 3990 εὐφύλλου
1286 3910 1408 3988 Νεμέας
1432 3912 1496 3978 κτὲ.

421 4028 473 4093 Sic
496 4028 616 4092 eddidit
638 4025 752 4109 Bergk,
774 4026 900 4108 virgula
921 4027 1041 4088 inserte
1063 4030 1135 4108 post
1158 4031 1243 4106 τρεῖς,
1256 4024 1498 4090 sedrectissime

376 4142 512 4226 Merger,
535 4160 630 4223 quem
653 4139 726 4202 vide
749 4158 818 4222 pag.
843 4140 916 4220 343,
939 4144 1078 4202 veterem
1096 4140 1386 4222 interpunctionem
1406 4159 1497 4204 revo-

376 4258 467 4321 cavit.
490 4254 532 4317 Et
554 4254 605 4336 agi
629 4253 667 4316 de
690 4271 861 4336 permagno
884 4253 1090 4315 victoriarum
1113 4270 1248 4316 numero
1272 4252 1355 4315 clare
1381 4252 1495 4316 docent
1545 4333 1547 4336 Ι

375 4369 472 4434 verbu
505 4368 686 4450 sequentia:
722 4364 781 4428 ᾶνᾶ
814 4363 839 4427 δ’
874 4362 992 4442 lyaee
1027 4363 1056 4436 ἐς
1090 4363 1168 4444 Φᾶνς
1207 4360 1300 4455 οἵαν
1341 4370 1498 4444 μοῖραν

377 4504 490 4558 νμνω
504 4503 526 4542 ν.
