3430 5554
917 663 961 725 44

376 851 444 910 asta
462 865 626 930 perperam
652 847 754 910 effecit
777 865 819 910 ex
838 846 985 912 liberiore
1005 849 1075 912 eius
1094 827 1306 931 explicatione
1325 845 1362 909 εὑ
1372 848 1501 925 aspar

375 955 470 1038 εὕροις.
494 958 623 1043 Optime
644 961 708 1022 iam
731 959 808 1022 olim
831 958 1058 1043 Moschopulus
1080 959 1282 1043 suppleverat
1302 955 1500 1033 ihr<ln>

375 1067 470 1150 εὕροις.
504 1071 662 1135 Voculam
697 1072 942 1136 conditionalem
974 1072 1097 1136 litterae
1130 1071 1353 1155 praecedentes
1383 1069 1500 1153 perfre-

377 1185 489 1268 quenti
511 1203 616 1249 errore
639 1182 869 1268 absorpserant.

419 1417 458 1482 V.
483 1419 534 1481 37.
568 1423 672 1482 Μοῖσοι
693 1417 720 1482 δ’
744 1417 794 1481 οὐκ
816 1416 976 1495 daciane?

571 1527 728 1610 τρόποις
748 1528 800 1594 ἐπὶ
822 1527 993 1615 σφετέροισι.

417 1642 519 1708 Nihili
553 1649 601 1708 est
634 1641 813 1724 δρόσοις,
846 1645 933 1728 quod
965 1643 1080 1728 Bergk,
1110 1662 1167 1727 pro
1198 1640 1356 1723 δόρποιο
1381 1641 1501 1706 scilicet

375 1757 504 1838 dictum,
545 1761 657 1841 poetae
692 1756 839 1821 obtrudit.
876 1756 1005 1822 Conieci
1039 1754 1190 1829 πότοις,
1224 1759 1244 1819 i.
1268 1775 1294 1821 e.
1330 1752 1501 1832 συμποσίοις

374 1868 490 1933 Pind.
514 1871 565 1932 23.

421 2090 460 2154 V.
485 2093 535 2156 39.
893 2094 994 2172 σοισᾷ
1017 2089 1049 2153 δὲ
1072 2087 1153 2170 χοροὶ
1177 2087 1320 2170 σοιρθέιοιι

569 2208 657 2284 λυρᾶν
679 2227 713 2267 σε
736 2201 830 2281 doni
854 2201 1036 2282 κοιοοοχοιί
1056 2203 1084 2266 τ’
1108 2203 1205 2266 adacio
1230 2200 1380 2266 δονέονται.

420 2315 536 2382 Nescio
560 2339 600 2382 an
624 2319 756 2401 antiqua
780 2319 936 2402 scriptura
958 2324 1056 2380 ΒΟΑΙ
1077 2323 1265 2380 ΚΑΝΑΧΑΙ
1284 2316 1499 2400 potiusinter-

380 2433 533 2516 pretende
555 2432 669 2497 fuisset
692 2430 765 2512 βοᾷ
789 2433 959 2512 revomi.
987 2430 1031 2494 Os.
1053 2430 1168 2494 Pind.
1190 2431 1232 2492 14
1252 2428 1498 2511 adPyth.140.

419 2653 512 2734 Pyth.
532 2651 583 2716 XI
603 2623 661 2716 24ss
674 2650 756 2732 ἑτέρῳ
772 2650 860 2732 nigri
875 2649 1011 2731 δοιμοοζ
1019 2649 1163 2728 ομὲιοιι
1182 2650 1497 2734 (Clytaemnestram).

418 2764 524 2851 Bergk
557 2769 593 2829 in
625 2767 672 2831 ed.
708 2765 760 2829 HI
793 2767 975 2850 suspicatus
1009 2760 1330 2847 δοκιοιζομέιοιι,
1364 2784 1431 2828 non
1459 2765 1498 2829 de

373 2879 538 2963 Aegistho*
563 2878 728 2961 adulterio,
762 2878 817 2948 sed
852 2878 891 2942 de
924 2877 1019 2941 furtis
1052 2876 1305 2961 Agamemnonis
1322 2879 1391 2961 agi
1413 2882 1498 2943 recto
1624 2884 1628 2890 '

374 2990 567 3075 observarat,
598 3011 659 3056 nec
689 3011 757 3056 eam
791 2993 981 3056 sententiam
1003 2993 1038 3054 in
1062 2991 1109 3055 ed.
1133 2990 1182 3054 IV
1204 2995 1374 3055 retractare
1398 2991 1496 3055 debu-

373 3109 447 3168 erat.
478 3104 562 3169 Nam
585 3107 613 3170 si
636 3106 675 3170 de
699 3104 967 3187 Clytaemnestrae
989 3125 1062 3170 oum
1086 3105 1240 3189 Aegistho
1264 3107 1496 3171 consuetudine

373 3236 477 3282 sermo
504 3223 603 3295 esset,
639 3218 719 3281 nihil
756 3215 844 3300 erat,¹
865 3221 985 3303 opinor,
1017 3237 1075 3281 our
1104 3223 1196 3302 poeta
1228 3218 1357 3283 adderet
1388 3222 1496 3284 omnia

372 3330 427 3394 illa
450 3348 532 3414 quae
554 3331 669 3394 deinde
691 3331 730 3394 de
751 3333 930 3414 potentium
952 3331 1074 3393 invidia
1097 3330 1196 3408 dixit3
1222 3330 1390 3396 manifesto
1410 3333 1495 3396 enim

374 3461 411 3507 ea
443 3442 541 3506 verba
574 3462 638 3507 non
673 3442 840 3507 mulierem
875 3446 1026 3527 spectant,
1061 3442 1116 3506 sed
1149 3442 1309 3522 inclytum
1334 3462 1441 3528 regem
1465 3449 1496 3508 et

373 3555 449 3621 belli
491 3557 615 3620 ducem.
649 3554 765 3621 Vento:
809 3555 892 3620 hoc
926 3558 1045 3620 enim
1083 3557 1281 3635 (maritorum
1314 3557 1496 3639 infidelitas)

373 3669 610 3734 uxoribus
640 3669 904 3733 iuvenibus
937 3671 1134 3734 maxime
1163 3671 1372 3733 invisum
1401 3690 1496 3755 peo-

372 3787 521 3846 catum
552 3787 644 3864 est,
675 3786 717 3845 ot
746 3786 940 3866 propter
969 3782 1244 3866 linguarum
1274 3785 1495 3866 impoten-

371 3895 480 3960 tiam
505 3893 1493 3974 difficultercascelatur3maledioienim

371 4008 519 4088 cives,
556 4006 793 4091 habetque
834 4027 994 4090 magna
1034 4009 1252 4092 potentia
1292 4028 1380 4072 non
1422 4011 1494 4073 mi-

371 4140 524 4185 norem
567 4121 813 4202 invidiam‚
856 4121 933 4184 sed
976 4113 1492 4189 humiliter'viventes

370 4235 449 4298 vix
494 4234 954 4298 animadvertuntur.
989 4233 1033 4297 cf.
1066 4234 1158 4319 Soph.
1189 4236 1240 4298 Αἰ.
1272 4235 1341 4314 πρὸς
1364 4234 1421 4316 γὰρ
1444 4237 1492 4301 σοι

370 4344 464 4426 ἔχοιθ’
503 4344 517 4408 ὃ
552 4344 655 4426 Φθόιος
689 4345 775 4426 ἕρποι.
812 4347 862 4410 Ita
891 4347 997 4411 locum
1030 4349 1058 4412 si
1087 4350 1343 4433 interpretamur,
1375 4353 1492 4434 optimo

370 4459 465 4524 habet
487 4455 602 4539 ἔχθιςοι
621 4480 650 4523 v.
672 4460 724 4543 26,
743 4479 848 4544 neque
867 4462 902 4524 in
915 4457 1033 4538 οιῖχιςοι
1045 4462 1237 4525 mutandum
1250 4480 1325 4525 oum
1336 4460 1492 4530 Hechero.
