3430 5554
873 723 913 784 70

333 908 425 983 tiras,
447 925 519 970 cum
543 908 619 990 poni
641 906 741 970 soleat
762 908 801 969 in·
820 908 931 989 priore.
955 906 1037 971 Vide
1059 907 1096 970 Β.
1121 907 1159 970 Α.
1180 908 1254 987 486,
1278 908 1328 969 31.
1349 903 1454 980 Quare

333 1019 441 1082 nescio
473 1038 514 1081 an
550 1018 773 1102 corrigendum
810 1020 851 1082 sit
881 1016 898 1090 ἢ
929 1017 1027 1088 rata,
1061 1021 1211 1102 quoniam
1242 1021 1276 1082 in
1308 1035 1454 1082 sermone

333 1133 455 1216 poetico
486 1132 656 1198 articulum
688 1132 762 1195 addi
791 1134 923 1196 minime
953 1136 1039 1196 vetat
1061 1134 1130 1196 eius
1154 1133 1283 1195 omissio
1305 1133 1339 1193 in
1363 1149 1454 1214 prae-

333 1249 459 1335 gressis.
491 1245 608 1312 Saltem
637 1247 789 1311 hocloco
813 1267 878 1310 non
902 1247 1016 1310 abutar
1038 1266 1111 1310 cum
1135 1246 1273 1330 Bergkio
1296 1246 1336 1309 ad
1359 1246 1455 1308 corri-

332 1360 474 1444 gendum
496 1359 521 1423 Ι.
543 1359 610 1422 VII
635 1362 669 1423 8:

399 1467 416 1543 ἢ
440 1467 492 1534 ὅτ’
514 1469 602 1552 ἀμφὶ
626 1477 754 1543 anavair
773 1469 922 1546 Τειρεσίαο
945 1469 1089 1548 bornaim

400 1581 417 1657 ἣ
441 1580 494 1647 ὅτ’
518 1581 606 1663 ἀμφὶ
630 1582 740 1648 Ἰόλιινν
764 1583 943 1660 tartonam

332 1696 389 1761 ubi
419 1697 469 1762 bis
490 1697 598 1761 intulit
621 1693 678 1769 ἤτ’,
703 1698 822 1761 dictum
848 1698 968 1761 seilicet
991 1716 1048 1781 pro
1072 1694 1142 1768 ἤτοι,
1168 1697 1260 1779 quasi
1285 1697 1456 1780 diphthon-

331 1829 408 1892 gum
430 1809 466 1872 oI
488 1809 572 1892 apud
595 1808 771 1873 Pindarum
795 1809 870 1873 elidi
889 1829 982 1892 posse
1001 1814 1132 1872 constet.
1153 1807 1238 1884 Quid
1258 1814 1350 1892 poeta
1363 1809 1456 1872 dede-

332 1923 374 1986 rit
407 1924 525 2003 nescio,
558 1922 614 1986 sed
648 1924 754 2006 potius
786 1942 902 2004 sequar
931 1921 1149 2005 Hartungium
1183 1921 1374 1986 scribentem
1405 1921 1454 1985 bis

331 2031 348 2106 ἥ
372 2033 406 2112 ῥ’,
429 2039 485 2098 aut
508 2033 745 2102 Mommsenum
763 2039 969 2118 reponentem
988 2034 1159 2117 utrobique
1179 2031 1217 2107 ³3⁴,
1231 2054 1328 2118 quam
1340 2035 1455 2098 admit-

332 2152 397 2210 tam
420 2146 550 2230 Bergkii
573 2144 800 2226 πνριιδιὸρθωσιν.
824 2147 965 2211 Homero
988 2148 1020 2211 A
1042 2149 1105 2210 170
1125 2145 1252 2211 οὐδέσιν
1273 2144 1454 2232 oiaprimus

332 2260 468 2340 Bentley
501 2260 646 2341 reddidit,
681 2280 746 2324 non
779 2259 938 2341 Thiersch,
972 2263 1025 2348 cni
1058 2262 1311 2325 emendationem
1343 2259 1457 2323 tribuit

334 2372 440 2437 Ohrist
457 2375 492 2436 in
512 2375 687 2438 novissima
707 2375 844 2438 editione
862 2374 979 2438 Hiadis.
996 2373 1125 2438 Soloece
1144 2375 1212 2457 ipse
1233 2372 1377 2436 Christi}
1392 2374 1455 2435 252

335 2487 470 2550 coniecit
492 2484 557 2548 οὐδέ
579 2508 613 2547 σε
636 2491 775 2550 arisae
798 2485 856 2548 ὀίω
880 2506 937 2570 pro
961 2487 1139 2550 necessario
1163 2485 1281 2550 futuro.

378 2682 469 2748 Nem.
493 2682 544 2746 IX
567 2684 618 2746 21.

401 2794 680 2877 φινιννμένιιν
704 2797 730 2860 δ’
755 2795 799 2875 ἄρ’
822 2798 863 2868 ἐς
886 2795 996 2860 ἄνειν
1018 2796 1143 2859 σπεῦδεν
1168 2792 1268 2872 ὅμιλος
1290 2792 1411 2885 tutatae.

341 2911 343 2916 '
375 2909 582 2974 Locutionem
615 2911 692 2974 satis
721 2930 824 2976 raram
856 2916 1016 2993 praeterea
1045 2910 1171 2993 repperi
1201 2908 1285 2991 apud
1309 2907 1456 2970 Archilo-

333 3022 427 3085 chum
450 3021 560 3104 fragm.
586 3023 644 3084 98:

399 3131 672 3210 Φιιινόμεννν
695 3133 828 3198 κιικὸν
851 3130 943 3196 οἴκαδ’
969 3129 1103 3210 ἄγεσθαι,

334 3248 419 3332 quod
449 3249 556 3312 nescio
579 3268 619 3311 an
642 3248 682 3310 ad
705 3247 875 3329 Lycambis
898 3247 996 3311 filiam
1019 3247 1221 3311 referendum
1245 3247 1294 3326 sit,
1317 3251 1348 3309 et
1371 3244 1456 3328 apud

333 3362 532 3425 Herodotum
565 3361 599 3423 ΙΙ
635 3361 696 3423 161
733 3366 830 3425 extr:
864 3359 1008 3430 δοκέοντες
1039 3360 1089 3422 τὸν
1119 3357 1241 3437 'Arpina
1273 3358 1306 3420 ἐκ
1329 3355 1456 3435 apotolus

334 3472 442 3544 αὐτοὺς,
471 3471 654 3550 ἀποπέμψαι
682 3473 711 3543 ἐς
742 3471 1017 3551 Φιιινόμεννν
1048 3469 1202 3542 aanor,
1235 3473 1254 3533 i.
1280 3490 1305 3538 e.
1338 3461 1456 3548 προῦ-

335 3607 440 3649 πτον
463 3582 561 3657 nardo,
587 3590 624 3648 ut
646 3586 835 3669 plerumque
857 3587 892 3650 in
916 3585 972 3648 tali
995 3603 1029 3648 re
1053 3585 1115 3646 diei
1139 3583 1226 3647 solet.

376 3781 466 3845 Licet
488 3781 569 3843 nihil
590 3780 685 3844 faciat
707 3781 747 3844 ad
771 3780 956 3861 Pindarum,
975 3780 1073 3844 finem
1093 3780 1169 3843 huic
1188 3779 1342 3862 opusculo
1355 3780 1455 3862 impo-

333 3915 407 3959 nam
431 3894 582 3957 tentando
604 3912 684 3956 roms
708 3912 769 3956 cau
791 3893 910 3976 elegiae
931 3892 1043 3975 fragm.
1067 3892 1083 3954 Ι
1106 3911 1153 3974 ap.
1177 3890 1257 3974 ng.
1282 3911 1327 3953 vs.
1353 3891 1412 3951 12:

398 4005 503 4070 τῶνδ’
527 4005 646 4082 ἀγαθῶν
670 4003 888 4081 βασιλεὺς
913 3998 1026 4072 νῖννς
1049 3999 1139 4076 ἔδειξε
1160 4000 1261 4080 φύσιν.

375 4119 460 4196 omo
483 4120 568 4185 enim
592 4119 643 4181 hio
667 4117 729 4181 sibi
747 4118 823 4182 velit
841 4114 986 4193 βασιλεύς
1004 4117 1121 4182 frustra
1136 4134 1302 4198 quaerens,
1314 4115 1450 4178 conieci:

396 4238 452 4298 τῶν
475 4235 501 4298 δ’
524 4235 645 4312 ἀγαθῶν
668 4231 865 4309 &nicanor
888 4236 1037 4301 Ἑοῖννς
1060 4226 1149 4304 ἔδειξε
1172 4228 1271 4308 φύσιν.

331 4349 417 4433 quod
446 4369 512 4412 non
543 4357 613 4431 eget
640 4349 818 4430 interprete.
849 4344 902 4408 Ad
935 4346 1093 4428 digamma
1117 4343 1155 4406 cf.
1182 4363 1227 4406 vs.
1254 4344 1272 4406 3
1298 4341 1396 4405 θινλίιιι
1420 4362 1453 4403 τε

329 4460 498 4527 Pandaron.

795 4577 988 4588 Μ
