3430 5554
882 709 923 769 52

379 890 420 956 V.
444 893 494 956 79.
515 889 566 955 κοοθ
590 890 731 971 λείριον
755 887 877 967 ἄνθεμον
897 888 1061 962 ποντθοοο
1085 889 1264 969 ὑφελοῖο’
1287 887 1430 968 ε’έροκς.

381 1005 455 1069 Non
478 1007 529 1088 agi
553 1005 592 1069 de
616 1006 700 1069 veris
722 1004 809 1085 liliis,
833 1005 887 1068 sed
912 1005 950 1068 de
973 1005 1089 1067 curalio
1113 1003 1161 1085 (ef.
1186 1002 1311 1067 Scholia
1334 1008 1365 1067 et
1383 1001 1457 1066 Dis·

337 1117 404 1198 son)
438 1117 642 1182 manifestum
679 1121 735 1181 est.
770 1116 885 1180 Suavis
922 1122 970 1181 ost
1003 1116 1190 1197 Friedriehs,
1222 1134 1317 1198 quem
1348 1115 1457 1179 laudat

336 1230 464 1314 Mezgor
500 1231 577 1311 ,die
612 1229 705 1294 Muse
740 1250 792 1293 am
827 1228 1059 1294 Maeressirand
1073 1229 1103 1304 (ll
1138 1226 1241 1292 Lilien
1276 1226 1457 1310 pfiiickend,

336 1343 419 1406 noch
450 1342 576 1406 baneizt
604 1361 678 1406 vom
701 1341 791 1405 Thau
815 1343 870 1406 des
894 1341 1027 1423 Meeres,
1051 1343 1106 1405 das
1131 1343 1172 1405 ist
1194 1343 1247 1405 ein
1270 1339 1457 1404 iberra-

337 1456 475 1519 sohen
492 1456 568 1518 des
590 1452 694 1517 Bild.”
718 1453 894 1518 Verissime
918 1455 1009 1536 dixit,
1033 1474 1107 1517 nam
1131 1453 1280 1517 mortales
1303 1471 1360 1536 pro
1380 1452 1456 1516 liliis

335 1567 381 1631 ibi
402 1570 566 1652 reperiunt
587 1567 710 1652 lapillos
733 1573 765 1632 et
787 1567 961 1649 conchylia.

379 1767 419 1830 V.
445 1767 494 1830 71.
916 1807 919 1812 -
963 1763 1099 1842 ὑπομνύω

424 1877 468 1957 μὴ
491 1876 587 1959 ‘ripun
611 1877 780 1958 προβὰς
803 1876 898 1943 ἄκονθ’
923 1871 977 1942 ὦτε
999 1876 1211 1960 χοοκκοπᾶροοον
1236 1875 1314 1958 clpam

425 1989 491 2054 θοᾶν
513 1994 661 2068 paderno.

381 2103 478 2192 Recte
499 2105 606 2188 Bergk
629 2105 709 2168 vidit
727 2103 822 2184 τέομοο
842 2125 907 2169 non
926 2105 1105 2188 significare
1117 2125 1259 2189 scopum,
1272 2105 1326 2170 sed
1338 2105 1455 2169 lineam

340 2215 540 2302 (γρκμμθν),
575 2237 639 2300 qua
673 2224 841 2282 arceantur
872 2219 1012 2282 iaculum
1038 2220 1177 2300 missuri,
1200 2238 1240 2282 ne
1262 2220 1393 2302 propius
1417 2217 1456 2282 ad

338 2348 471 2414 scopum
502 2332 661 2410 accedant,
685 2332 741 2395 sed
765 2351 829 2395 non
853 2332 1024 2414 expedivit,
1048 2333 1126 2415 quid
1149 2332 1211 2395 sibi
1234 2333 1311 2396 volit
1333 2329 1455 2412 προβᾶς,
1515 2393 1523 2404 ,

338 2443 424 2526 quod
458 2462 515 2526 pro
550 2443 680 2523 ὑπερβάς
715 2445 778 2508 dici
813 2447 954 2529 potuisse
985 2465 1163 2528 numquam
1187 2446 1323 2509 credam.
1345 2445 1456 2509 Unum

337 2561 463 2620 tantum
494 2556 632 2620 verbum
663 2558 716 2620 hic
748 2563 856 2641 aptum
888 2577 958 2623 esse
982 2558 1073 2622 video
1098 2562 1252 2637 περᾶν,
1279 2558 1334 2622 sed
1356 2557 1456 2623 fateor

342 2670 444 2752 prima
477 2669 557 2732 sacic
590 2689 655 2733 non
690 2669 886 2734 lenissimam
918 2671 1021 2734 videri
1045 2673 1270 2735 correctionem
1295 2668 1338 2746 pl
1361 2666 1457 2749 τὲρμκ

337 2803 386 2845 ονε
397 2805 411 2862 ρ
423 2786 470 2844 ῶν
502 2780 597 2846 ἄκονθ’
621 2782 680 2845 xri.
705 2783 924 2848 Nihilominus
946 2784 1039 2848 facile
1059 2786 1106 2848 sic
1125 2785 1278 2868 explicari
1298 2788 1401 2867 potest
1421 2802 1458 2847 ea

337 2896 525 2980 corruptela,
556 2901 592 2960 ut
621 2917 787 2961 sumamus
818 2917 860 2960 ex
890 2878 996 2960 ΠΕΡό
1031 2903 1143 2961 natum
1175 2916 1244 2961 esse
1275 2904 1354 2960 ΠΡΟ
1379 2902 1410 2961 et
1439 2917 1458 2959 a

338 3013 513 3073 correctore
535 3009 618 3074 male
641 3010 823 3094 suppletum
847 3029 916 3074 esse
940 3018 1110 3073 ΠΡΟΒΑΣ.

427 3321 441 3384 ε’
453 3344 467 3383 ν
489 3320 532 3385 τίν
554 3321 581 3384 κ’
604 3320 691 3385 ε’θὲκοο
718 3315 758 3406 (ὦ
782 3318 955 3407 Ἡοᾶκλεος)
982 3359 1023 3368 -
1047 3322 1181 3400 εὐτυχῶς
1204 3321 1233 3408 ll
1256 3321 1342 3386 νοοθενν
1364 3320 1424 3386 κτὲ.

383 3433 476 3510 Quod
499 3437 677 3499 sexcenties
699 3436 821 3517 accidit,
844 3436 896 3499 hic
920 3454 1049 3518 quoque
1071 3435 1190 3500 factum
1216 3454 1285 3499 esse
1305 3437 1457 3519 suspicor,

338 3551 500 3632 corrigens
523 3547 596 3610 σὺν
618 3546 662 3610 τθν
686 3547 713 3611 κ’
736 3547 825 3612 ἐθέλοι
847 3548 905 3612 κτὲ.
933 3547 977 3611 Of.
1002 3548 1103 3613 Schol.

382 3746 474 3811 Nem.
500 3746 583 3809 VIII
614 3747 642 3808 5.
665 3745 767 3810 Schol.
790 3747 1050 3827 ἐπικρατεῖν
1074 3750 1211 3833 explieat
1235 3767 1291 3833 per
1315 3749 1456 3812 ε’νοοθν-

338 3866 457 3937 μεῖν,
483 3861 539 3925 sed
563 3859 799 3925 Grammaticus
823 3862 947 3926 dedisse
971 3863 1097 3927 videtur
1119 3863 1247 3926 ἔπιον
1259 3867 1372 3942 χεῑν.

289 4053 291 4062 ’
382 4055 421 4120 V.
447 4058 497 4120 10.

426 4167 524 4242 ἤθελον
548 4168 638 4234 κεθν
651 4191 664 4232 ο
679 4193 694 4231 ν
717 4192 764 4246 γε
787 4169 911 4233 πείθεσθ’
935 4167 1061 4244 ἄνκξθοος
1083 4169 1204 4243 ἑκόντες.

380 4283 444 4347 Hic
471 4284 570 4364 locus,
592 4283 650 4347 ubi
673 4288 710 4346 ut
733 4302 825 4367 saepe
848 4283 925 4347 alias
949 4285 1063 4349 vocula
1087 4282 1122 4362 γὲ
1146 4286 1323 4369 emphatica
1346 4289 1379 4350 vi
1402 4307 1458 4372 po·

338 4398 425 4459 nitur
456 4401 527 4480 post
555 4414 731 4478 pronomen
764 4397 1059 4479 demonstrativum,
1081 4398 1169 4462 utilis
1200 4417 1269 4463 osse
1293 4405 1396 4484 potest
1419 4402 1459 4465 ad

337 4510 560 4592 corrigendum
584 4511 777 4571 &oannem
798 4509 906 4572 locum
929 4510 967 4572 fr.
990 4510 1038 4572 IV
1064 4513 1084 4571 4
