3430 5554
886 679 927 741 22

536 867 641 931 κλυτόν
664 863 740 937 ἔθνος
762 869 878 946 Λοκρῶν
900 865 930 952 sl
952 865 1175 947 ἀμφιἙέπο
1199 867 1258 931 ari.

345 1001 402 1065 pro
425 979 611 1061 ἀμφέπεσον.

390 1093 485 1157 Unus
516 1098 678 1178 praeterea
699 1093 790 1157 locus
811 1094 845 1156 in
869 1094 929 1157 hoe
953 1096 1092 1160 carmine
1115 1101 1201 1160 creat
1221 1096 1330 1161 lectori
1353 1098 1467 1162 moles-

346 1209 432 1271 tiam.
454 1205 577 1290 Nempe
599 1206 736 1291 legimus
760 1227 788 1269 v.
814 1207 853 1269 91
868 1227 946 1291 sqq.:

537 1340 588 1406 καί
612 1339 683 1405 ὅταν
707 1341 789 1406 καλόν
814 1339 908 1423 ἔρξαις
930 1343 1032 1416 ἀοιδοῖς
1055 1341 1134 1424 ἀτερ,

459 1452 466 1468 “
533 1454 732 1534 Ἀγνσίδαμζ
755 1455 793 1528 είς
817 1455 911 1521 Ἀίδα
933 1454 1046 1534 ςαόμόν

535 1568 605 1651 ἀνὴρ
625 1566 734 1643 ίίινται,
757 1568 842 1634 κενεά
864 1568 1004 1642 πνεύσαις
1031 1570 1070 1655 (i.
1083 1591 1108 1636 e.
1132 1571 1265 1645 διακενῆς
1289 1571 1390 1658 βιούς)

899 1679 1012 1762 ἔπορε
1035 1682 1140 1764 μόχθῳ
1163 1684 1266 1764 βραχύ
1289 1709 1317 1748 τι
1339 1683 1465 1765 τερπνόν.

389 1823 439 1886 Ibi
474 1824 558 1887 enim
594 1825 781 1906 interpretes
816 1821 920 1902 μόχθῳ
953 1822 1106 1888 habentes
1139 1844 1196 1908 pro
1221 1826 1326 1888 dativo
1348 1826 1468 1890 instru-

346 1936 485 2018 mentali,
508 1932 590 2014 ἔπορε
612 1942 722 1999 contra
745 1941 941 2000 constantem
964 1936 1055 2000 verbi
1076 1938 1144 2000 vim
1162 1938 1323 2021 explicant
1341 1943 1467 2028 parat.

345 2049 534 2134 Numquam
570 2051 654 2113 enim
687 2054 781 2128 πορεῖν
815 2051 904 2113 aliud
933 2049 1090 2133 significat
1113 2070 1209 2134 quarn
1233 2049 1338 2127 δοῦναι,
1362 2070 1467 2134 quare,

346 2165 374 2226 si
403 2159 485 2243 ἔπορε
508 2182 621 2226 sanum
646 2167 701 2244 est,
726 2181 903 2245 suspensus
925 2163 1000 2226 inde
1023 2168 1072 2226 est
1094 2163 1220 2226 dativus
1241 2163 1408 2246 commodi,
1431 2168 1468 2226 ut

347 2278 403 2342 sit:
438 2276 576 2340 labori
611 2296 684 2341 suo
716 2278 913 2360 exiguam
942 2277 1059 2340 dedit
1089 2273 1363 2361 voluptatem,
1390 2299 1468 2362 qua·

346 2391 409 2454 lem
444 2391 637 2455 locutionem
673 2390 812 2453 multum
844 2389 954 2453 dubito
977 2410 1057 2453 num
1081 2391 1157 2454 satis
1180 2409 1216 2454 eo
1240 2396 1357 2472 tueare,
1382 2391 1468 2474 quod

345 2508 430 2568 recte
472 2505 560 2567 dicas
602 2505 785 2586 praemio
828 2503 982 2566 donare
1023 2502 1215 2567 laborem.
1249 2502 1467 2587 Expectabam

346 2617 495 2701 equidem
530 2613 544 2678 ἔ
551 2614 633 2692 aad
640 2638 655 2677 ε
687 2615 790 2694 μόχθῳ
826 2612 929 2694 βραχύ
958 2638 987 2678 τι
1016 2611 1142 2694 τερπνόν,
1165 2615 1218 2710 vei
1239 2617 1355 2700 potius,
1380 2617 1467 2700 quod
1559 2647 1562 2652 ·
1624 2596 1628 2602 ’

345 2729 450 2793 lenius
481 2734 537 2810 est,
568 2722 666 2808 εὗρε,
690 2729 718 2792 si
744 2727 797 2791 hic
819 2729 1003 2792 trochaeum
1026 2747 1083 2811 pro
1107 2727 1269 2809 tribrachy
1290 2726 1466 2812 admiseris

347 2843 440 2904 utin
463 2840 584 2904 ultimis
608 2860 671 2905 vss.
696 2842 835 2924 epodiois
860 2842 901 2903 62
926 2846 957 2904 et
982 2842 1054 2904 124.
1078 2840 1415 2922 onadPyth.140.

391 3061 516 3146 Olymp.
541 3061 593 3126 XI
617 3062 667 3126 11.

535 3195 588 3263 ίσθι
611 3202 692 3273 νῦν,
717 3238 759 3246 -
782 3202 862 3273 τεάς,
886 3199 1091 3278 Ἀγνσίδαμε,
1115 3200 1302 3280 πυγμαχίας
1322 3199 1414 3266 ἕνεκεν

536 3315 633 3389 κῶμον
656 3310 706 3375 ε’πί
730 3311 849 3393 ςεφάνῳ
873 3310 1003 3393 χρυσέας
1022 3311 1126 3384 ἐλαίας

535 3423 671 3502 ἀδυμελῆ
694 3424 857 3499 κελαδήσω,
881 3425 941 3489 κτὲ.

388 3543 452 3627 Hic
482 3583 611 3648 qnoque
633 3562 727 3628 NYN
749 3583 815 3627 non
838 3569 886 3628 est
905 3563 1087 3648 temporale,
1110 3565 1219 3649 itaque
1241 3566 1310 3629 sine
1333 3569 1466 3629 accentu

346 3676 550 3742 scribendum
573 3675 650 3741 ίσθι
673 3701 742 3740 νυν.

388 3887 428 3950 V.
449 3887 500 3950 16.
534 3885 600 3951 ἔνθα
622 3885 851 3967 συγκωμάξατ’·
874 3885 1132 3967 ε’γγυάσομαι

534 4000 638 4079 ὔμμιν,
664 3997 685 4064 ὦ
706 4009 829 4076 Μοῖσαι,
852 3999 1016 4083 φυγόξενον
1040 3999 1143 4081 ςρατόν

533 4115 605 4191 μηδ’
629 4113 783 4195 ἀπείρατον
806 4119 914 4189 καλῶν,

531 4226 690 4307 ἀκρόσοφον
713 4225 819 4295 δὲκαὶ
843 4226 1005 4306 αἰχματόιν
1029 4224 1196 4308 ἀφίξεσθαι.

388 4365 491 4428 Immo
526 4385 601 4428 vero
636 4364 875 4448 ε’γγυάομαι,
906 4366 1106 4449 spondeo,
1138 4385 1204 4429 non
1239 4365 1464 4452 spondebo.

344 4477 508 4541 Pindar.
534 4478 584 4540 13.
