3430 5554
760 699 800 761 61

253 887 364 952 Isthm.
388 886 438 950 IV
463 887 503 949 13
528 885 589 968 (III
613 886 676 965 81).

342 996 444 1062 σίκσίεν
468 996 604 1065 ςιίλαισιν
627 995 746 1062 ἅπτονθ’
770 995 968 1076 Ἡρακλείαις·

341 1110 415 1175 καί
439 1110 546 1188 μηκέτι
569 1108 748 1190 μακροτέραν
773 1109 906 1174 σπεύδειν
930 1108 1044 1191 νἰρεπιίν.

254 1225 406 1290 Plurimis
436 1226 626 1289 coniecturis
649 1244 766 1288 nouam
791 1225 878 1288 addit
900 1224 1007 1288 Naber
1029 1225 1086 1295 ὡς.
1113 1224 1246 1289 Credam
1270 1225 1334 1288 for-

211 1345 294 1404 tasse
317 1340 422 1421 (saepe
446 1340 531 1402 enim
556 1338 638 1402 duae
662 1338 793 1401 vocudae
817 1337 1079 1420 confunduntur),
1101 1339 1129 1402 si
1148 1339 1336 1403 indicaverit

211 1452 289 1516 mihi
321 1451 426 1515 locum
458 1450 600 1531 Pindari,
630 1450 686 1514 ubi
718 1451 831 1514 vocula
854 1449 901 1522 ὡς,
927 1470 990 1533 qua
1015 1452 1199 1533 saepissime
1223 1453 1334 1533 utitur,

212 1564 356 1628 similiter
379 1568 533 1646 usurpata
556 1567 613 1627 est.
635 1562 732 1626 Nunc
754 1564 831 1626 τᾶν
854 1563 905 1627 vel
928 1556 975 1626 ίιν
996 1561 1192 1647 probabilius
1213 1564 1336 1628 coniec-

212 1681 280 1740 tum
303 1676 383 1738 mihi
407 1674 538 1758 quidem
553 1675 697 1738 uidetur.

255 1859 294 1922 V.
319 1859 369 1922 35.
392 1855 437 1924 ίςε
459 1855 521 1934 μὰν
545 1854 672 1929 Αίαντσς
693 1856 790 1920 alauda
813 1857 928 1940 φοίνιον,
951 1857 1018 1931 ταν,
1042 1858 1114 1941 ὀψίην

398 1971 427 2034 ἕν
450 1967 532 2033 νυκτί
556 1970 703 2046 ταμὼν
728 1968 789 2050 περὶ
811 1961 832 2049 ᾧ
856 1968 1016 2050 φασγιίνιρ,
1042 1970 1173 2050 μομφὰν
1199 1970 1248 2052 ἔχ’
1277 1974 1308 2037 ε’ν

982 2083 1150 2168 [παίδεσσιν
1174 2082 1335 2149 Ἑλλρίνιιν.

257 2195 360 2279 Iunge
389 2192 486 2257 αλκίιν
516 2192 631 2272 φοίνιον,
661 2191 716 2256 πρὶν
740 2193 871 2272 μομφίιν
894 2191 948 2274 ἔχε
972 2195 1032 2259 κτὲ.
1058 2202 1090 2261 et
1112 2197 1184 2278 σ’φίρι
1209 2236 1249 2244 -
1274 2202 1338 2267 φα-

214 2309 322 2390 σνιίνῳ.
355 2310 435 2396 Tum
466 2311 588 2392 corrige
610 2309 747 2371 πεσὼν
770 2307 833 2387 περὶ
857 2310 903 2388 Fri
928 2308 1088 2390 φασγανῳ,
1114 2317 1150 2375 ut
1173 2313 1236 2376 dici
1260 2315 1340 2378 solet

216 2423 394 2504 περιπίπτειν
427 2423 467 2502 τῷ
502 2418 581 2500 ξίφει
617 2424 674 2505 qui
704 2442 763 2486 suo
804 2441 839 2486 se
869 2423 974 2506 gladio
998 2424 1146 2489 confodit.
1172 2425 1339 2491 Glossema

216 2557 285 2603 esse
316 2542 419 2622 potest
448 2535 561 2612 ταμών,
586 2541 622 2599 ut
651 2536 735 2619 apud
758 2536 957 2616 Aeschylum
980 2536 1075 2601 Eum.
1103 2540 1166 2602 592
1191 2535 1339 2620 ξιφουλκῷ

215 2647 290 2731 χειρί
325 2650 394 2728 πρὸς
428 2647 507 2727 δέρην
540 2647 703 2723 τεμών,
735 2648 792 2712 ubi
819 2649 972 2731 probante
995 2648 1160 2715 Dindorfio
1186 2652 1340 2718 substitui

217 2764 292 2828 olim
315 2761 470 2840 βαλών.
497 2762 622 2825 Pind.
647 2763 697 2824 30.

261 2936 300 2999 V.
324 2938 376 2999 45.
553 2974 557 2982 ·
771 2917 775 2923 ⁴
811 2935 913 3019 τόλμα
934 2936 992 3018 γὰρ
1015 2938 1139 3012 εἰκώς

350 3049 431 3125 ίνμ
442 3047 482 3111 ὸν
506 3046 693 3128 ἐριβρεμετᾶν
717 3049 802 3129 ίηρῶν
827 3048 948 3112 λεόντων

350 3161 379 3224 ἕν
402 3159 488 3241 πίνιρ·
513 3167 642 3237 μῆτιν
665 3160 692 3224 δ’
716 3158 852 3235 ἀλώπηξ,
876 3162 973 3227 atauo
996 3160 1046 3227 ἅτ’
1074 3164 1302 3244 ἀναπιτναμένα

1108 3275 1227 3362 [ῥόμβον
1251 3277 1339 3360 ἴσχει.

264 3387 467 3452 Conclamata
490 3387 560 3450 loco
584 3387 612 3451 si
635 3406 699 3450 nou
723 3387 870 3471 proderit,
893 3388 1004 3452 saltem
1029 3410 1094 3453 non
1118 3392 1244 3456 nocebit
1266 3394 1343 3459 haec

219 3519 290 3566 mea
312 3502 419 3565 addita
441 3501 553 3565 ceteris
577 3502 668 3584 (quas
691 3505 835 3564 recenset
857 3500 973 3584 Bergk)
998 3504 1197 3568 coniectura:

665 3609 767 3694 τίλμρ
789 3610 846 3692 γὰρ
873 3611 961 3698 (ota)
988 3611 1099 3678 είκει

354 3731 494 3808 φῦλον
517 3725 704 3807 ε’ριβρεμετῖιν
728 3726 813 3806 θηρῶν
836 3723 958 3789 λεόντων

353 3841 382 3903 ἒν
405 3838 490 3919 πίνῳ,
517 3840 622 3918 μητι
646 3839 672 3904 δ’
694 3835 822 3912 ιὶλιίπηξ
848 3839 909 3902 κτὲ.

265 3953 592 4018 Namaudacia
616 3955 656 4017 ei
683 3953 816 4034 (victori)
841 3953 1345 4025 ceditvaldefremen-

222 4070 337 4133 tium
378 4087 525 4152 genus
567 4066 814 4131 beluarum
855 4065 1042 4131 leonum
1084 4070 1130 4132 in
1164 4071 1349 4177 labore,

223 4182 479 4267 prudentia
512 4199 622 4244 vero
654 4179 825 4262 uulpes
856 4183 925 4242 cett.
956 4179 1066 4244 Possis
1099 4202 1227 4268 quoqne
1257 4188 1347 4250 τόλ-

224 4318 306 4372 μαν
342 4332 384 4342 -
419 4301 574 4371 μῆτιν,
611 4313 686 4356 nam
721 4290 856 4356 verbum
891 4288 974 4354 εἴκειν
1004 4313 1077 4357 cum
1109 4302 1247 4381 utroque
1270 4319 1347 4366 casu

221 4410 368 4492 iungitur
400 4409 457 4489 rei,
488 4427 552 4491 qua
582 4408 655 4490 quis
688 4406 742 4468 alii
773 4406 864 4470 cedit.
888 4405 941 4468 Sic
967 4405 1129 4473 Homerus
1153 4410 1186 4474 τὸ
1209 4410 1237 4474 ὃν
1261 4411 1348 4488 μένος

223 4519 312 4584 οὐδενί
344 4518 434 4583 εἴκων.
459 4519 522 4584 Sed
545 4519 646 4583 multo
673 4519 818 4582 usitatior
841 4522 890 4581 est
914 4515 1058 4583 Dativus.
1082 4520 1237 4587 Additum
1262 4525 1349 4604 θηρῶν
