3430 5554
712 681 814 744 ‚25

287 861 351 926 Hic
374 863 465 926 loeus
489 861 600 945 elingit
621 859 741 926 Naberi
764 861 960 946 diligentiam
982 883 1052 947 pag.
1075 863 1115 927 37
1134 865 1169 926 in
1189 864 1258 927 loco
1277 863 1313 926 P.
1334 863 1366 924 V

244 980 307 1043 119
328 982 399 1062 apte
418 978 604 1061 corrigentis
623 974 741 1040 δίδοτ’
766 974 832 1040 ἐστὶ
852 975 997 1058 Ἑέρροισιν
1009 976 1096 1058 eludi
1104 1001 1138 1041 τε
1150 977 1274 1055 βουλαῖς
1284 974 1366 1056 ἔχειν

241 1111 298 1176 pro
323 1089 457 1155 διδοῖτ’
482 1089 537 1153 ἐτ’
561 1086 680 1170 ἔργοισιν
701 1089 761 1153 κτὲ.
787 1088 836 1154 110
859 1095 957 1155 metro
982 1092 1055 1154 vide
1073 1090 1114 1154 'ad
1134 1089 1169 1154 Ο.
1188 1090 1222 1154 Χ
1241 1092 1281 1155 91
1296 1111 1366 1175 sqq·
1482 1101 1490 1110 '

285 1204 375 1268 idem
401 1205 580 1287 desperavit
604 1203 642 1268 de
664 1205 851 1288 corrigendo
873 1205 943 1268 loco
968 1203 1003 1268 Ο.
1026 1188 1108 1268 XIV
1133 1206 1173 1268 13
1187 1225 1232 1288 sq.

329 1335 350 1402 ὦ
372 1338 464 1403 πότνι’
488 1337 625 1415 Ἀγλαΐα
648 1335 854 1420 Φιλκσίροσλτέ
876 1341 904 1404 τ’
929 1337 1115 1422 Εὐφροσύνα,
1140 1340 1206 1404 θεῶν
1229 1339 1365 1421 κρασίςσυ

328 1452 449 1526 παῖδες,
473 1449 590 1516 ἕτακοοι
614 1456 693 1526 νῦν,
718 1452 819 1518 Θαλία
843 1477 876 1518 τε

328 1562 516 1645 ἐρασίμολπε,
540 1563 601 1627 κτὲ.

185 1783 189 1791 .
240 1701 299 1766 ubi
322 1701 559 1766 Rauchenetoin
583 1701 750 1767 scribendo
774 1699 923 1776 σἰκκκόσιτέ
945 1727 1003 1780 μευ
1027 1708 1059 1770 01
1081 1703 1188 1789 Bergk
1212 1703 1364 1769 εἰιακοοῑτέ

237 1809 325 1896 isici)
356 1835 403 1875 νυν
432 1818 463 1877 01
485 1813 636 1898 Hartung
657 1812 783 1877 ἕσαΐοισε
805 1818 855 1878 νῦν
880 1816 1040 1881 soloeoum
1065 1819 1242 1901 optativum
1267 1819 1366 1883 intro·

242 1927 410 2010 ducebant,
435 1926 603 1992 Hermann
633 1945 708 1990 vero
733 1924 856 1999 ε’σοέιισορ
879 1927 992 2005 γένευ
1015 1931 1176 1995 coniciens
1202 1931 1362 1996 soloeeum

212 2091 214 2094 .
241 2059 421 2104 numerum.
455 2039 516 2104 His
552 2039 720 2104 conatibus
749 2040 844 2124 longe
874 2047 1011 2124 praestat
1042 2042 1194 2107 Ahreusii
1225 2045 1366 2127 suspicio

241 2151 420 2230 ἕτακροῖισθε
453 2155 511 2224 νῦν,
546 2149 610 2214 nisi
645 2152 732 2234 quod
766 2153 848 2216 male
881 2155 1014 2217 retinuit
1042 2159 1091 2217 νῦν
1122 2175 1179 2238 pro
1203 2177 1259 2218 νυν.
1284 2154 1365 2219 Cum

147 2319 149 2322 .
241 2270 347 2329 tamen
377 2269 487 2347 poetae
511 2264 603 2344 lyrici
626 2269 658 2328 et
681 2265 761 2347 epici
785 2264 911 2329 abusu
933 2267 1023 2329 verbi
1047 2267 1204 2346 ἀκροᾶσθαι
1228 2269 1259 2332 01
1282 2287 1367 2331 com·

240 2378 416 2461 positorum
440 2375 634 2460 abstinuisse
653 2378 832 2460 videantur,
852 2397 893 2442 ne
912 2379 996 2442 hauc
1008 2380 1138 2463 quidem
1150 2381 1364 2444 coniecturam

232 2477 333 2554 'facile
356 2487 550 2553 admiserim.

284 2601 354 2686 Ego
387 2597 496 2665 locum
527 2597 718 2666 lacunosum
748 2619 821 2668 osse
856 2601 1045 2668 crediderim
1062 2592 1108 2668 ¹ct
1136 2582 1285 2670 voculam
1315 2609 1365 2669 νῦν

168 2801 169 2804 ¹
243 2716 466 2800 interpolatam
490 2733 569 2798 csse,
592 2729 657 2799 qua
678 2711 781 2780 delete
799 2716 1031 2800 suppleverim:

329 2851 442 2925 παῖδες
465 2850 582 2916 ἐποίκια
605 2857 645 2931 <
655 2850 831 2932 ysaiae>
856 2847 1008 2917 Θαλειοὶ
1034 2849 1063 2916 τ’

330 2964 519 3047 ἐρασίμολπε,
543 2965 603 3028 κτὲ.

242 3108 370 3188 recepta
393 3104 489 3167 trium
514 3103 660 3167 codicum
682 3102 769 3167 BCN
792 3103 950 3188 scriptura
970 3101 1130 3168 edacia.
1152 3105 1206 3170 Ad
1217 3106 1365 3170 voculam

242 3237 275 3278 τε
305 3217 339 3278 10
369 3215 433 3285 fine
463 3235 575 3280 versus
598 3216 794 3294 (continuata
817 3216 976 3298 oratione)
993 3217 1104 3281 elisam
1127 3217 1165 3282 cf.
1190 3218 1228 3281 N.
1251 3217 1299 3281 IV
1322 3219 1364 3282 63

242 3325 354 3406 ὄνυχας
388 3323 547 3400 ὀξυτάτους
579 3325 684 3405 οξκρισέν
714 3328 742 3390 τ’
772 3327 802 3414 ll
832 3322 850 3402 ἦ
881 3327 1048 3393 δεινστοέταν
1079 3328 1213 3409 σχάσαις
1235 3330 1362 3394 ὀδόντων.

241 3439 303 3503 Vel
336 3441 371 3504 in
404 3442 621 3504 trimetrorum
656 3440 720 3505 fine
753 3441 839 3505 idem
874 3442 944 3516 sibi,
964 3445 1147 3526 permisisse
1177 3443 1365 3527 Sophoclem

241 3558 354 3617 notum
377 3559 433 3618 est
454 3553 526 3616 Vid.
550 3552 690 3618 Dindorf
709 3556 744 3618 in
768 3560 906 3619 annotat.
931 3547 1043 3619 Oxou.
1058 3557 1098 3620 ad
1122 3554 1158 3620 0.
1180 3555 1218 3621 R.
1243 3559 1316 3622 332.

284 3786 324 3850 V.
347 3788 399 3850 44.
423 3784 553 3864 ἔλτσρκαι
576 3826 619 3836 -
643 3787 751 3865 βαλεῖν
776 3827 818 3836 -
842 3787 1063 3880 ἀμεύσασθ’
1085 3790 1208 3863 ἀντίους.

286 3900 433 3964 Praefero
468 3902 598 3965 alteram
629 3903 797 3967 lectionem
826 3901 1046 3979 αριεύσισθῖ
1080 3904 1124 3967 ef.
1155 3905 1190 3969 P.
1219 3905 1365 3971 10043.

243 4013 373 4078 Soloece
394 4015 547 4097 scriptum
571 4019 620 4078 est
639 4014 674 4078 Ο.
694 4015 710 4078 I
732 4016 796 4079 109
815 4012 871 4078 ἔτι
890 4013 1072 4095 γλυκυτέραν
1090 4040 1154 4080 κεν
1172 4013 1302 4094 ἔλπομαι
1314 4017 1366 4081 σὺν

242 4122 354 4202 δέρματι
386 4123 436 4205 θόῳ
465 4122 585 4200 κλεΐξειν
615 4127 675 4190 κτὲ.
709 4129 765 4192 ubi
796 4134 860 4193 tres
881 4129 1006 4192 codices
1030 4131 1177 4194 voculam
1201 4153 1249 4193 κεν
1274 4133 1365 4195 omit·

243 4243 324 4302 tunt.
355 4238 429 4303 Non
460 4240 542 4302 male
568 4239 720 4325 Hartung
742 4239 852 4304 νίκαν
871 4239 1054 4320 γλυκυτέραν
1076 4238 1125 4303 ἔτ’
1149 4239 1281 4320 ἔλπομαι
1303 4242 1363 4307 κτὲ.

242 4350 335 4415 noeis
348 4330 415 4414 'ubi
437 4352 587 4416 nenses
611 4355 756 4436 sequitur
777 4352 816 4416 u.
840 4353 888 4416 iv
913 4355 963 4416 92.
985 4353 1034 4416 m
1058 4355 1109 4416 ιι.
1129 4354 1195 4418 vn
1215 4356 1256 4419 20
1278 4375 1365 4440 spee-

244 4470 330 4530 tatur
352 4469 478 4548 tempus
501 4467 716 4548 praeteritum.
