3430 5554
789 663 830 726 31

292 849 322 912 Ν
323 869 359 914 ec
370 851 479 928 πρῶτον
491 852 611 932 aptum,
620 867 678 912 nec
689 848 840 910 universa
851 847 974 930 periodi
982 845 1196 910 conformatio.
1205 845 1370 930 Suspicor:

690 956 788 1033 ξείνοις
813 955 863 1023 θέτ’
887 958 1064 1023 ἐλθόντεσσιν
1085 957 1244 1039 εὐεργέται,

435 1074 528 1138 δεῖπν’
549 1073 817 1151 ἐπαγγέλλων
840 1072 1036 1154 προπρέοιν
1058 1077 1160 1153 σφιν.

291 1188 334 1252 of.
358 1187 397 1251 N.
421 1187 486 1251 VH
509 1188 560 1251 86.

290 1397 330 1459 V.
355 1398 405 1460 35.
429 1392 558 1478 δεξιτερᾷ
583 1397 782 1476 προτυχὸν
806 1365 894 1469 ξένιον
917 1376 1050 1472 μοίςειισε
1072 1394 1177 1459 δοῦναι.
1276 1475 1279 1480 Ι

288 1509 377 1599 Νοῒοι
403 1510 598 1594 singularem
622 1510 720 1573 huius
744 1510 912 1592 compositi
935 1529 1041 1592 usum,
1065 1510 1123 1593 qui
1144 1510 1208 1573 iam
1231 1511 1368 1582 advertit

238 1622 489 1687 'Alexandrinos
524 1622 608 1687 Nam
642 1627 722 1686 teste
756 1621 932 1685 Scholiasta
967 1621 1105 1704 Choeris,
1139 1641 1236 1706 quem
1269 1621 1368 1707 igitur

243 1737 337 1800 latuit
358 1755 565 1801 numerorum
588 1737 678 1818 ratio,
701 1734 875 1819 reponebat
893 1755 945 1797 πα
952 1735 1135 1814 ρατυχθν.
1157 1734 1274 1800 Melius
1291 1753 1367 1804 sane

244 1850 432 1914 coniecisset
453 1847 492 1912 τθ
514 1845 646 1926 τυχόν.

288 2071 326 2134 V.
352 2072 403 2134 64.

243 2176 261 2256 ἦ
290 2181 379 2260 μιίλα
401 2181 443 2255 δὴ
467 2181 547 2258 μετθι
570 2180 636 2247 καί
660 2188 739 2256 νῦν,
766 2181 836 2251 ὥςε
857 2182 1080 2265 φοινικανθέμου
1103 2178 1166 2264 θρος
1189 2181 1278 2265 ἀκμᾷ

242 2293 329 2359 παισί
353 2294 507 2367 τούτοις
526 2294 625 2373 θγδοον
649 2294 749 2360 θοίλλει
773 2294 888 2376 μέρος
911 2296 1095 2376 Ἀρκεσίλας.
1162 2325 1163 2330 ’

287 2408 367 2473 (lum
387 2409 458 2473 aliis
479 2410 514 2473 hi
537 2429 650 2474 versus
673 2409 818 2473 laborent
841 2409 1092 2492 difficultatibus,
1116 2429 1196 2493 quas
1220 2429 1286 2472 non
1310 2428 1366 2474 ex-

240 2523 343 2606 pedio,
373 2529 443 2586 tum
473 2523 618 2607 displicet
647 2521 739 2602 μέρος.
770 2523 849 2588 Pars
881 2524 1027 2588 codicum
1059 2523 1152 2588 habet
1183 2521 1284 2601 μέλος,
1310 2523 1366 2588 sed

241 2654 318 2699 vera
339 2636 432 2700 lectio
455 2637 582 2701 videtur
611 2635 742 2713 γένος,
767 2637 972 2720 quodetiam
995 2638 1071 2700 alibi
1092 2637 1238 2701 similiter
1257 2637 1368 2720 depra-

241 2754 351 2813 vatum
380 2749 456 2812 vidi.

285 2864 374 2928 Haec
403 2866 467 2928 iam
500 2865 698 2948 scripseram,
722 2883 796 2928 oum
818 2864 918 2928 incidi
940 2865 974 2927 in
1000 2865 1225 2948 suspicionem,
1248 2869 1367 2948 quaet

240 2980 371 3042 retineri
400 2976 484 3058 μέρος
515 2982 547 3042 et
568 2977 710 3062 reliquae
733 2978 897 3042 molestiae
921 2977 1065 3061 expediri
1087 2995 1181 3063 posse
1203 2977 1364 3042 videntur.

242 3091 323 3156 Cum
356 3093 442 3156 enim
472 3091 616 3177 plerique
646 3092 770 3158 codices
793 3093 942 3154 omittant
965 3087 1021 3157 θςε
1045 3091 1135 3174 (ng.
1159 3083 1233 3174 ὦσε),
1256 3093 1364 3156 nescio

241 3226 282 3270 an
304 3207 365 3270 hoc
388 3207 429 3270 sit
450 3206 619 3289 glossema,
646 3211 677 3269 et
698 3207 840 3290 genuina
864 3205 926 3268 loci
949 3203 1046 3268 facies
1067 3205 1160 3270 haec:

241 3313 260 3392 ἦ
282 3317 371 3396 μοίλα
394 3318 429 3390 δὴ
453 3319 533 3396 μετθι
557 3325 685 3382 κεῖνον
708 3321 821 3397 Φοῖτα
844 3315 1066 3396 Φοινικανθέμου
1089 3309 1150 3400 ἦρος
1173 3317 1261 3400 οίκμρῖ

240 3429 327 3495 παισί
350 3438 528 3503 κλειτοῖο
552 3429 650 3510 θγθοον
672 3429 772 3498 θοίλλει
796 3429 882 3511 μέρος
905 3429 1089 3512 Ἀρκεσίλας.

239 3547 259 3609 i.
282 3565 308 3610 e.
336 3545 482 3610 Profecto
511 3551 584 3628 post
605 3545 736 3609 Battum
761 3544 870 3608 adulto
896 3563 970 3609 vere
992 3543 1105 3610 florido
1130 3543 1218 3625 (flore
1241 3545 1363 3625 aetatis)

239 3657 331 3724 floret
364 3659 559 3739 inclytorum
593 3659 663 3722 eius
697 3662 898 3741 posterorum
931 3663 1064 3721 octavus
1095 3657 1287 3723 Arcesilaiis.
1311 3657 1363 3720 Ad

239 3770 323 3851 μέρος
346 3772 384 3835 cf.
407 3771 441 3835 P.
465 3771 534 3836 XII
559 3773 610 3836 10.

283 3994 322 4057 V.
349 3994 398 4058 71.
865 3990 1012 4071 θέσφατον
1036 3985 1069 4064 ἦν
1098 3990 1207 4059 Πελίαν

238 4104 273 4181 ἐξ
293 4108 414 4185 οῖγαυοῖν
436 4105 575 4170 Αίολιθοῖν
594 4103 718 4182 θανέμεν
737 4102 880 4184 χείρεσσιν
900 4101 1103 4180 θβουλαῖς
1121 4100 1360 4178 ἀκάμπτοις.

284 4221 374 4284 Malit
401 4220 517 4304 aliquis
540 4216 732 4295 βουλαῖσι
754 4223 951 4298 κρυπταῖς
976 4219 1010 4298 (s.
1034 4219 1182 4298 κρυπτοῖς)
1204 4217 1255 4280 vel
1277 4215 1362 4294 βου·

238 4339 331 4404 λαῖς
354 4338 584 4404 καλυπταῖς
611 4329 836 4415 (κολοσσοῖς).
856 4335 926 4394 aut
943 4331 982 4392 vi
1002 4333 1073 4394 aut
1092 4328 1194 4394 dolo.
1215 4319 1363 4394 Ceterum

237 4446 275 4509 cf.
297 4445 510 4510 Homericum
529 4441 816 4524 despoliationem.
