3430 5554
801 673 839 735 11

304 855 378 921 Non
403 858 485 922 male
507 857 614 921 Naber
635 860 759 936 Φιλῶν
783 859 917 923 coniecit
935 878 992 941 pro
1013 856 1193 942 llaaalpse
1215 857 1381 922 Pindar.

260 990 331 1053 pag.
358 971 376 1032 9
396 989 639 1053 proposueram:

660 1079 752 1154 οὶλλοί,
776 1081 897 1162 ροοίρνων
919 1081 992 1162 γὰρ
1015 1083 1120 1163 ιἰνδρών

447 1194 481 1257 πὸ
504 1200 688 1271 λαλαγῆσαι,
712 1192 798 1258 ίέλων
822 1195 929 1276 κρύφον
953 1194 1117 1273 τιθέμεν
1140 1196 1199 1259 uri.

305 1303 407 1368 Ἀλλὰ
431 1343 472 1352 -
495 1305 553 1386 γὰρ
578 1307 767 1391 plerumque
792 1309 921 1392 quidem
944 1309 1029 1392 apud
1052 1313 1200 1372 nostrum
1223 1314 1271 1373 est
1293 1309 1381 1392 ellip-

259 1418 367 1499 ticum,
391 1418 447 1481 sed
470 1418 507 1481 cf.
531 1418 567 1482 P.
589 1419 607 1482 l
629 1421 671 1482 85

667 1557 738 1620 ἀλλ’
763 1554 850 1640 ὅμως,
874 1555 997 1637 κρέσσων
1020 1556 1079 1637 γὰρ
1101 1557 1244 1638 οἰκτιρμοῦ
1268 1554 1380 1638 Φίίνος,

448 1666 492 1745 μὴ
516 1667 609 1748 παρίει
633 1668 724 1734 καλοί.

306 1879 431 1963 Olymp.
453 1880 512 1943 HI.
539 1883 567 1943 3.
624 1951 627 1958 ,

349 2023 453 2080 Μοῖσα
473 2015 498 2080 δ’
523 2013 594 2080 οὕτω
618 2039 680 2081 ποι
704 2016 855 2098 παρέςα
880 2040 943 2094 ροοι
966 2016 1131 2093 νεοσίγαλον
1154 2015 1258 2097 εὑρίνοι
1280 2014 1381 2097 τρίπον

351 2129 447 2209 Δωρίῳ
470 2129 571 2210 Φώναν
594 2127 751 2211 ἐναρμόξαι
774 2129 891 2208 πεδίλῳ.

306 2267 491 2330 Admodum
514 2267 591 2330 mihi
614 2268 717 2350 placet
737 2266 855 2331 Naberi
878 2269 1060 2331 coniectura
1083 2263 1244 2347 οὕτωριοι
1268 2289 1380 2346 παρε-

261 2375 365 2450 sala,
388 2398 448 2442 nec
472 2399 548 2443 sane
573 2381 717 2463 displicet
741 2381 826 2462 quod
849 2401 894 2444 vs.
920 2382 962 2442 25
985 2401 1042 2464 pro
1065 2382 1234 2465 depravato
1259 2378 1382 2459 πορεύειν

260 2493 395 2555 coniecit
426 2491 574 2572 περαίνειν,
607 2494 662 2557 sed
693 2495 824 2557 minimo
858 2495 943 2557 idem
979 2495 1058 2557 mihi
1087 2495 1246 2577 persuasit
1269 2514 1314 2557 vs.
1340 2494 1381 2556 14

260 2605 375 2688 corrigi
397 2605 530 2669 iubens:

448 2743 479 2805 οὐ
505 2740 579 2819 μὴν
601 2738 690 2816 διώξω
714 2742 802 2814 κεινὸς
825 2740 951 2820 ἔμμεν

260 2875 317 2938 pro
426 2852 483 2918 ὀὔ
505 2876 555 2932 μιν
580 2853 659 2940 (νιν)
687 2851 786 2929 διώξω·
810 2855 898 2926 κεινὸς
921 2852 987 2928 είνν.

306 2993 390 3057 Nam
424 2995 484 3059 etsi
516 3013 589 3077 pars
620 2993 775 3058 librorum
805 2994 899 3059 habet
921 2993 989 3077 μίν,
1020 2999 1202 3059 constanter
1223 2996 1382 3062 Pindarus

261 3123 341 3170 usus
373 3111 420 3170 est
449 3107 552 3194 forma
574 3105 691 3170 Dorica
714 3104 785 3189 μών,
809 3108 895 3190 quod
919 3127 1013 3171 nemo
1036 3108 1152 3172 melius
1172 3111 1262 3172 novit
1285 3131 1382 3192 quam

261 3221 330 3303 ipse
359 3218 473 3283 Nabar.
505 3219 567 3283 Sed
602 3219 654 3282 vel
689 3221 717 3282 si
740 3217 802 3310 αοίν
825 3222 1019 3303 reponimus,
1042 3241 1248 3305 nequaquam
1270 3222 1383 3305 proba-

177 3328 183 3340 ’
260 3331 334 3395 bilis
358 3333 437 3394 mihi
462 3332 587 3395 videtur
606 3333 771 3413 medicina,
792 3353 856 3414 qua
875 3353 1021 3398 summus
1033 3341 1125 3417 poeta
1136 3335 1241 3398 dicere
1253 3335 1383 3400 iubetur

261 3444 382 3508 scilicet
411 3463 452 3507 se
485 3463 566 3507 non
596 3445 789 3508 studiose
827 3450 1087 3510 sectaturum
1118 3467 1210 3511 esse
1242 3449 1382 3512 stulti-

260 3559 374 3638 tiam,
399 3559 492 3640 quasi
511 3559 779 3641 veroquisquam
799 3560 981 3623 mortalium
1004 3562 1188 3644 reperiatur,
1209 3562 1265 3642 qui
1277 3561 1383 3624 dedita

262 3689 357 3754 opera
389 3669 422 3732 id
457 3669 569 3750 faciat3
607 3677 643 3734 ut
666 3676 788 3735 taceam
807 3691 979 3755 nusquam,
1003 3672 1089 3754 quod
1113 3675 1221 3756 sciam,
1245 3694 1263 3736 a
1286 3674 1382 3738 verbo

261 3781 368 3874 διώιιειν
381 3803 573 3867 suspensum
586 3803 655 3848 esse
666 3784 861 3852 infinitivum
875 3787 944 3849 sine
956 3786 1096 3849 articulo.
1111 3786 1257 3851 Ceterum
1269 3789 1382 3872 procul

261 3896 355 3960 hodie
378 3895 501 3977 absum,
524 3901 560 3959 ut
584 3895 770 3981 Optalivum
789 3900 863 3962 sine
884 3899 1038 3980 particula
1058 3901 1264 3964 conditionali
1276 3902 1382 3966 defen·

263 4011 344 4093 darn,
381 4030 476 4094 quem
495 4011 547 4074 hic
569 4011 644 4074 ferri
666 4031 732 4076 non
755 4032 848 4095 posse
870 4014 935 4076 iam
957 4012 1108 4096 Hartung
1130 4015 1296 4096 intellexit,
1316 4035 1382 4078 non

261 4125 306 4187 ita
340 4124 422 4187 malo
457 4126 638 4207 suspicatus
673 4122 705 4188 οὕ
739 4147 790 4202 μιν
823 4125 949 4210 (pava)
982 4123 1071 4200 διώξω
1106 4127 1209 4190 κεῖν’
1242 4126 1278 4199 ὃς
1313 4125 1380 4200 εἴν.

264 4237 316 4300 Ad
339 4236 473 4300 formam
497 4236 703 4301 Homericam
726 4236 766 4310 είιρ
791 4258 848 4322 pro
872 4235 904 4301 ίοι
927 4239 963 4302 cl.
988 4247 1023 4301 Ω
1050 4240 1123 4321 139,
1148 4239 1167 4314 ξ
1190 4242 1263 4304 496.

306 4349 375 4414 Neo
396 4350 478 4415 male
505 4341 624 4414 dictum
647 4350 736 4434 foret,
760 4357 796 4414 ut
819 4351 969 4416 arbitror:

451 4476 482 4539 οὐ
506 4473 583 4552 μοὶν
606 4472 695 4549 διώξω
719 4475 842 4538 κεινὸν
866 4467 982 4552 οἶμον.
1059 4483 1061 4487 ’
