<?xml version="1.0" encoding="UTF-8"?>
<!DOCTYPE html PUBLIC "-//W3C//DTD XHTML 1.0 Transitional//EN"
    "http://www.w3.org/TR/xhtml1/DTD/xhtml1-transitional.dtd">
<html xmlns="http://www.w3.org/1999/xhtml" xml:lang="en" lang="en">
 <head>
  <title>
</title>
<meta http-equiv="Content-Type" content="text/html;charset=utf-8" />
  <meta name='ocr-system' content='tesseract 3.04.00' />
  <meta name='ocr-capabilities' content='ocr_page ocr_carea ocr_par ocr_line ocrx_word'/>
</head>
<body>
  <div class='ocr_page' id='page_1' title='image "./studiacriticaet01herwgoog_0078.png"; bbox 0 0 3430 5554; ppageno 0'>
   <div class='ocr_carea' id='block_1_1' title="bbox 552 1553 1159 1626">
    <p class='ocr_par' dir='ltr' id='par_1_1' title="bbox 552 1553 1159 1626">
     <span class='ocr_line' id='line_1_1' title="bbox 552 1553 1159 1626; baseline 0.003 -2"><span class='ocrx_word' id='word_1_1' title='bbox 552 1553 556 1562; x_wconf 72' lang='grc'><em>’</em></span> <span class='ocrx_word' id='word_1_2' title='bbox 604 1560 890 1626; x_wconf 80' lang='lat' dir='ltr'><strong>CORRIGENDIS</strong></span> <span class='ocrx_word' id='word_1_3' title='bbox 922 1561 1159 1626; x_wconf 80' lang='lat' dir='ltr'><strong>ADDANrUR</strong></span> 
     </span>
    </p>
   </div>
   <div class='ocr_carea' id='block_1_2' title="bbox 303 2061 1438 3232">
    <p class='ocr_par' dir='ltr' id='par_1_2' title="bbox 303 2061 1438 3232">
     <span class='ocr_line' id='line_1_2' title="bbox 314 2061 694 2128; baseline 0 -17"><span class='ocrx_word' id='word_1_4' title='bbox 314 2063 374 2128; x_wconf 80' lang='lat' dir='ltr'><strong>Pag.</strong></span> <span class='ocrx_word' id='word_1_5' title='bbox 392 2061 415 2125; x_wconf 82' lang='grc'><strong>9,</strong></span> <span class='ocrx_word' id='word_1_6' title='bbox 433 2064 449 2113; x_wconf 89' lang='grc'><strong>3</strong></span> <span class='ocrx_word' id='word_1_7' title='bbox 467 2061 530 2125; x_wconf 64' lang='lat' dir='ltr'><strong>tora</strong></span> <span class='ocrx_word' id='word_1_8' title='bbox 547 2079 593 2126; x_wconf 79' lang='lat' dir='ltr'><strong>pro</strong></span> <span class='ocrx_word' id='word_1_9' title='bbox 613 2061 694 2125; x_wconf 72' lang='grc' dir='ltr'><em>ἐσθλῷ.</em></span> 
     </span>
     <span class='ocr_line' id='line_1_3' title="bbox 303 2152 806 2221; baseline -0.012 -13"><span class='ocrx_word' id='word_1_10' title='bbox 303 2205 305 2208; x_wconf 90' lang='grc'>.</span> <span class='ocrx_word' id='word_1_11' title='bbox 340 2193 353 2221; x_wconf 83' lang='grc'><strong>,,</strong></span> <span class='ocrx_word' id='word_1_12' title='bbox 388 2153 428 2217; x_wconf 74' lang='grc'><strong>13,</strong></span> <span class='ocrx_word' id='word_1_13' title='bbox 448 2153 481 2204; x_wconf 71' lang='lat'><strong>26</strong></span> <span class='ocrx_word' id='word_1_14' title='bbox 499 2160 525 2204; x_wconf 89' lang='lat' dir='ltr'><strong>et</strong></span> <span class='ocrx_word' id='word_1_15' title='bbox 542 2153 575 2204; x_wconf 74' lang='lat'><strong>28</strong></span> <span class='ocrx_word' id='word_1_16' title='bbox 594 2153 658 2202; x_wconf 68' lang='lat' dir='ltr'><strong>tm</strong></span> <span class='ocrx_word' id='word_1_17' title='bbox 669 2171 718 2219; x_wconf 77' lang='lat' dir='ltr'><strong>pro</strong></span> <span class='ocrx_word' id='word_1_18' title='bbox 736 2152 806 2203; x_wconf 68' lang='lat' dir='ltr'><strong>tm,</strong></span> 
     </span>
     <span class='ocr_line' id='line_1_4' title="bbox 339 2245 977 2313; baseline -0.003 -17"><span class='ocrx_word' id='word_1_19' title='bbox 339 2285 352 2313; x_wconf 79' lang='lat'>„</span> <span class='ocrx_word' id='word_1_20' title='bbox 383 2245 428 2313; x_wconf 77' lang='lat'><strong>28,</strong></span> <span class='ocrx_word' id='word_1_21' title='bbox 446 2246 478 2296; x_wconf 85' lang='grc'><strong>15</strong></span> <span class='ocrx_word' id='word_1_22' title='bbox 496 2247 691 2296; x_wconf 82' lang='lat' dir='ltr'><strong>Gratiarum</strong></span> <span class='ocrx_word' id='word_1_23' title='bbox 705 2263 753 2310; x_wconf 76' lang='lat' dir='ltr'><strong>pro</strong></span> <span class='ocrx_word' id='word_1_24' title='bbox 771 2245 977 2296; x_wconf 76' lang='lat' dir='ltr'><strong>Gratiarum.</strong></span> 
     </span>
     <span class='ocr_line' id='line_1_5' title="bbox 339 2334 1438 2406; baseline -0.002 -18"><span class='ocrx_word' id='word_1_25' title='bbox 339 2377 353 2406; x_wconf 83' lang='lat'>„</span> <span class='ocrx_word' id='word_1_26' title='bbox 387 2337 429 2402; x_wconf 86' lang='lat'><strong>33,</strong></span> <span class='ocrx_word' id='word_1_27' title='bbox 454 2337 478 2389; x_wconf 87' lang='lat'><strong>3.</strong></span> <span class='ocrx_word' id='word_1_28' title='bbox 508 2339 643 2404; x_wconf 72' lang='lat' dir='ltr'><strong>vulgatam</strong></span> <span class='ocrx_word' id='word_1_29' title='bbox 668 2344 756 2388; x_wconf 87' lang='lat' dir='ltr'><strong>tamen</strong></span> <span class='ocrx_word' id='word_1_30' title='bbox 784 2339 938 2402; x_wconf 73' lang='lat' dir='ltr'><strong>scripturam</strong></span> <span class='ocrx_word' id='word_1_31' title='bbox 963 2338 1031 2386; x_wconf 87' lang='lat' dir='ltr'><strong>tueri</strong></span> <span class='ocrx_word' id='word_1_32' title='bbox 1057 2337 1158 2386; x_wconf 86' lang='lat' dir='ltr'><strong>videtur</strong></span> <span class='ocrx_word' id='word_1_33' title='bbox 1183 2337 1250 2402; x_wconf 83' lang='lat' dir='ltr'><strong>Ibyci</strong></span> <span class='ocrx_word' id='word_1_34' title='bbox 1268 2337 1299 2388; x_wconf 88' lang='lat' dir='ltr'><strong>s.</strong></span> <span class='ocrx_word' id='word_1_35' title='bbox 1316 2334 1333 2384; x_wconf 80' lang='lat'>9</span> <span class='ocrx_word' id='word_1_36' title='bbox 1351 2337 1438 2402; x_wconf 87' lang='lat' dir='ltr'>(ng.)</span> 
     </span>
     <span class='ocr_line' id='line_1_6' title="bbox 388 2425 1121 2492; baseline 0 -13"><span class='ocrx_word' id='word_1_37' title='bbox 388 2429 579 2492; x_wconf 74' lang='grc' dir='ltr'><strong><em>ἐρασιπλόκαμον</em></strong></span> <span class='ocrx_word' id='word_1_38' title='bbox 596 2430 678 2491; x_wconf 72' lang='grc' dir='ltr'><em>κούραν</em></span> <span class='ocrx_word' id='word_1_39' title='bbox 697 2431 811 2491; x_wconf 77' lang='grc' dir='ltr'><em>Πριάμου.</em></span> <span class='ocrx_word' id='word_1_40' title='bbox 1119 2425 1121 2432; x_wconf 61' lang='grc'><em>’</em></span> 
     </span>
     <span class='ocr_line' id='line_1_7' title="bbox 338 2522 995 2590; baseline 0.002 -17"><span class='ocrx_word' id='word_1_41' title='bbox 338 2561 352 2590; x_wconf 85' lang='lat'><strong>„</strong></span> <span class='ocrx_word' id='word_1_42' title='bbox 387 2523 427 2587; x_wconf 84' lang='lat'><strong>55,</strong></span> <span class='ocrx_word' id='word_1_43' title='bbox 445 2522 461 2573; x_wconf 88' lang='lat'>8</span> <span class='ocrx_word' id='word_1_44' title='bbox 479 2525 692 2575; x_wconf 86' lang='lat' dir='ltr'><strong>Homericum</strong></span> <span class='ocrx_word' id='word_1_45' title='bbox 708 2541 754 2588; x_wconf 77' lang='lat' dir='ltr'><strong>pro</strong></span> <span class='ocrx_word' id='word_1_46' title='bbox 773 2525 995 2575; x_wconf 85' lang='lat' dir='ltr'><strong>Homerieum.</strong></span> 
     </span>
     <span class='ocr_line' id='line_1_8' title="bbox 338 2615 870 2683; baseline 0.004 -19"><span class='ocrx_word' id='word_1_47' title='bbox 338 2654 352 2683; x_wconf 82' lang='lat'>„</span> <span class='ocrx_word' id='word_1_48' title='bbox 387 2615 419 2664; x_wconf 87' lang='lat'><strong>57</strong></span> <span class='ocrx_word' id='word_1_49' title='bbox 437 2622 502 2666; x_wconf 87' lang='lat' dir='ltr'><strong>extr.</strong></span> <span class='ocrx_word' id='word_1_50' title='bbox 521 2617 697 2666; x_wconf 80' lang='lat' dir='ltr'><strong>Retinendum</strong></span> <span class='ocrx_word' id='word_1_51' title='bbox 717 2617 870 2682; x_wconf 75' lang='grc' dir='ltr'><strong>ἀγαζόμενοι.</strong></span> 
     </span>
     <span class='ocr_line' id='line_1_9' title="bbox 339 2705 820 2774; baseline 0.004 -18"><span class='ocrx_word' id='word_1_52' title='bbox 339 2745 353 2774; x_wconf 77' lang='lat'>„</span> <span class='ocrx_word' id='word_1_53' title='bbox 387 2705 427 2771; x_wconf 82' lang='lat'><strong>59,</strong></span> <span class='ocrx_word' id='word_1_54' title='bbox 445 2706 478 2756; x_wconf 77' lang='lat'><strong>28</strong></span> <span class='ocrx_word' id='word_1_55' title='bbox 496 2709 614 2758; x_wconf 83' lang='lat' dir='ltr'><strong>famem</strong></span> <span class='ocrx_word' id='word_1_56' title='bbox 629 2724 676 2771; x_wconf 77' lang='lat' dir='ltr'><strong>pro</strong></span> <span class='ocrx_word' id='word_1_57' title='bbox 694 2709 820 2758; x_wconf 87' lang='lat' dir='ltr'><strong>samam.</strong></span> 
     </span>
     <span class='ocr_line' id='line_1_10' title="bbox 338 2798 1438 2865; baseline 0.001 -17"><span class='ocrx_word' id='word_1_58' title='bbox 338 2837 352 2865; x_wconf 82' lang='lat'>„</span> <span class='ocrx_word' id='word_1_59' title='bbox 386 2798 427 2861; x_wconf 72' lang='lat'><strong>62,</strong></span> <span class='ocrx_word' id='word_1_60' title='bbox 445 2798 461 2849; x_wconf 88' lang='lat'>8</span> <span class='ocrx_word' id='word_1_61' title='bbox 483 2806 509 2850; x_wconf 88' lang='lat' dir='ltr'><strong>et</strong></span> <span class='ocrx_word' id='word_1_62' title='bbox 526 2799 560 2850; x_wconf 72' lang='lat'><strong>20</strong></span> <span class='ocrx_word' id='word_1_63' title='bbox 577 2801 718 2860; x_wconf 71' lang='grc' dir='ltr'><strong><em>χαλκοάρας</em></strong></span> <span class='ocrx_word' id='word_1_64' title='bbox 734 2817 779 2864; x_wconf 75' lang='lat' dir='ltr'><strong>pro</strong></span> <span class='ocrx_word' id='word_1_65' title='bbox 799 2799 942 2860; x_wconf 69' lang='grc' dir='ltr'><strong>χαλκιάρας.</strong></span> <span class='ocrx_word' id='word_1_66' title='bbox 962 2799 999 2849; x_wconf 87' lang='lat' dir='ltr'><strong>Ex</strong></span> <span class='ocrx_word' id='word_1_67' title='bbox 1016 2801 1070 2850; x_wconf 85' lang='lat' dir='ltr'>loco</span> <span class='ocrx_word' id='word_1_68' title='bbox 1088 2801 1199 2850; x_wconf 86' lang='lat' dir='ltr'><strong>Pausan.</strong></span> <span class='ocrx_word' id='word_1_69' title='bbox 1217 2800 1253 2850; x_wconf 82' lang='lat' dir='ltr'><strong>tx</strong></span> <span class='ocrx_word' id='word_1_70' title='bbox 1269 2799 1311 2864; x_wconf 78' lang='lat'><strong>11,</strong></span> <span class='ocrx_word' id='word_1_71' title='bbox 1330 2800 1342 2851; x_wconf 90' lang='lat'>1</span> <span class='ocrx_word' id='word_1_72' title='bbox 1361 2801 1438 2850; x_wconf 85' lang='lat' dir='ltr'><strong>intel·</strong></span> 
     </span>
     <span class='ocr_line' id='line_1_11' title="bbox 387 2891 1437 2957; baseline 0 -17"><span class='ocrx_word' id='word_1_73' title='bbox 387 2893 454 2957; x_wconf 77' lang='lat' dir='ltr'>leges</span> <span class='ocrx_word' id='word_1_74' title='bbox 473 2892 528 2942; x_wconf 85' lang='lat' dir='ltr'><strong>fieri</strong></span> <span class='ocrx_word' id='word_1_75' title='bbox 546 2907 617 2956; x_wconf 83' lang='lat' dir='ltr'>posse</span> <span class='ocrx_word' id='word_1_76' title='bbox 635 2897 666 2941; x_wconf 91' lang='lat' dir='ltr'><strong>ut</strong></span> <span class='ocrx_word' id='word_1_77' title='bbox 683 2897 756 2956; x_wconf 86' lang='lat' dir='ltr'><strong>poeta</strong></span> <span class='ocrx_word' id='word_1_78' title='bbox 774 2891 912 2942; x_wconf 86' lang='lat' dir='ltr'><strong>Thebanus</strong></span> <span class='ocrx_word' id='word_1_79' title='bbox 929 2893 960 2942; x_wconf 87' lang='lat' dir='ltr'><strong>de</strong></span> <span class='ocrx_word' id='word_1_80' title='bbox 980 2893 1097 2941; x_wconf 86' lang='lat' dir='ltr'><strong>Herculis</strong></span> <span class='ocrx_word' id='word_1_81' title='bbox 1115 2891 1229 2942; x_wconf 86' lang='lat' dir='ltr'><strong>filiorum</strong></span> <span class='ocrx_word' id='word_1_82' title='bbox 1244 2897 1326 2942; x_wconf 88' lang='lat' dir='ltr'><strong>morte</strong></span> <span class='ocrx_word' id='word_1_83' title='bbox 1341 2892 1437 2942; x_wconf 79' lang='lat' dir='ltr'><strong>samam</strong></span> 
     </span>
     <span class='ocr_line' id='line_1_12' title="bbox 387 2984 844 3047; baseline 0.002 -15"><span class='ocrx_word' id='word_1_84' title='bbox 387 3000 402 3032; x_wconf 84' lang='lat' dir='ltr'><strong>a</strong></span> <span class='ocrx_word' id='word_1_85' title='bbox 420 2985 518 3047; x_wconf 80' lang='lat' dir='ltr'><strong>vulgari</strong></span> <span class='ocrx_word' id='word_1_86' title='bbox 535 2984 662 3034; x_wconf 84' lang='lat' dir='ltr'><strong>diversam</strong></span> <span class='ocrx_word' id='word_1_87' title='bbox 681 2989 785 3034; x_wconf 83' lang='lat' dir='ltr'><strong>secutus</strong></span> <span class='ocrx_word' id='word_1_88' title='bbox 803 2985 844 3033; x_wconf 90' lang='lat' dir='ltr'><strong>sit.</strong></span> 
     </span>
     <span class='ocr_line' id='line_1_13' title="bbox 340 3073 770 3141; baseline 0 -17"><span class='ocrx_word' id='word_1_89' title='bbox 340 3113 353 3141; x_wconf 83' lang='lat'>„</span> <span class='ocrx_word' id='word_1_90' title='bbox 387 3073 428 3137; x_wconf 83' lang='grc'><strong>63,</strong></span> <span class='ocrx_word' id='word_1_91' title='bbox 446 3074 461 3123; x_wconf 88' lang='lat'><strong>7</strong></span> <span class='ocrx_word' id='word_1_92' title='bbox 477 3076 581 3136; x_wconf 74' lang='grc' dir='ltr'><strong>αἵματος</strong></span> <span class='ocrx_word' id='word_1_93' title='bbox 594 3091 642 3138; x_wconf 80' lang='lat' dir='ltr'><strong>pro</strong></span> <span class='ocrx_word' id='word_1_94' title='bbox 660 3075 770 3136; x_wconf 71' lang='grc' dir='ltr'><strong>αἵματοο.</strong></span> 
     </span>
     <span class='ocr_line' id='line_1_14' title="bbox 339 3165 939 3232; baseline 0.002 -16"><span class='ocrx_word' id='word_1_95' title='bbox 339 3204 352 3232; x_wconf 84' lang='lat'>„</span> <span class='ocrx_word' id='word_1_96' title='bbox 386 3165 427 3230; x_wconf 85' lang='grc'><strong>68,</strong></span> <span class='ocrx_word' id='word_1_97' title='bbox 444 3166 477 3216; x_wconf 79' lang='grc'><strong>15</strong></span> <span class='ocrx_word' id='word_1_98' title='bbox 492 3173 548 3230; x_wconf 74' lang='lat' dir='ltr'><strong>pou</strong></span> <span class='ocrx_word' id='word_1_99' title='bbox 565 3168 664 3217; x_wconf 81' lang='lat' dir='ltr'>Iones</span> <span class='ocrx_word' id='word_1_100' title='bbox 682 3168 747 3216; x_wconf 82' lang='lat' dir='ltr'><strong>adde</strong></span> <span class='ocrx_word' id='word_1_101' title='bbox 763 3173 796 3217; x_wconf 85' lang='lat' dir='ltr'><strong>et</strong></span> <span class='ocrx_word' id='word_1_102' title='bbox 812 3168 939 3217; x_wconf 79' lang='lat' dir='ltr'><strong>AeoleS.</strong></span> 
     </span>
    </p>
   </div>
   <div class='ocr_carea' id='block_1_3' title="bbox 0 0 1720 5554">
    <p class='ocr_par' dir='ltr' id='par_1_3' title="bbox 0 0 1720 5554">
     <span class='ocr_line' id='line_1_15' title="bbox 0 0 1720 5554; baseline 0 0"><span class='ocrx_word' id='word_1_103' title='bbox 0 0 1720 5554; x_wconf 95' lang='lat' dir='ltr'><strong> </strong></span> 
     </span>
    </p>
   </div>
  </div>
 </body>
</html>
