3430 5554
386 850 579 934 Nuperrime
611 848 718 913 Naber
747 849 864 913 Mnem.
891 851 984 926 1884,
1007 871 1076 935 pag.
1101 853 1142 914 25
1167 873 1245 936 sqq,
1274 871 1340 915 non
1359 852 1463 917 ferens

343 983 439 1053 quam
463 982 538 1027 cum
557 961 737 1046 Hartungio
757 963 892 1046 aliisque
911 964 945 1026 in
968 963 1146 1028 Pindaricis
1170 967 1249 1029 meis
1269 986 1298 1049 p.
1314 966 1330 1027 l
1346 969 1464 1030 statue-

341 1076 415 1140 bam
446 1076 642 1139 coniunctivi
670 1075 803 1138 formem
834 1075 1048 1158 Homericam,
1071 1077 1275 1142 scribendum
1298 1080 1464 1162 proposuit

341 1188 420 1253 ονῦδνο
450 1188 486 1252 σύ
521 1211 571 1266 μον
595 1189 714 1253 addens
740 1208 825 1270 „nec
848 1195 931 1254 certe
955 1193 1127 1275 quisquam
1147 1192 1224 1256 dicit
1243 1192 1372 1273 (diecti)
1392 1210 1462 1255 eam

342 1302 532 1366 medicinam
556 1302 653 1365 nimis
676 1302 847 1365 violentam
870 1302 969 1366 esse.”

388 1413 554 1499 Quidquid
577 1415 630 1477 alii
654 1415 771 1478 dicturi
794 1420 880 1497 sunt,
902 1435 960 1500 ego
983 1435 1049 1479 non
1071 1417 1181 1480 dicam.
1201 1416 1364 1481 Facillime
1377 1419 1462 1481 enim

342 1526 510 1605 αὐδάσομεν
553 1529 642 1591 nasci
683 1530 787 1611 potuit
822 1547 863 1592 ex
897 1527 1065 1605 αὐδάσομαι
1100 1530 1209 1612 (quam
1243 1531 1463 1594 confusionem

342 1641 466 1706 videbis
485 1643 520 1704 in
542 1641 716 1705 lectionum
740 1643 891 1706 varietate
914 1643 999 1725 apud
1023 1641 1198 1726 Bergkium
1223 1644 1262 1706 ad
1286 1641 1321 1706 Ο.
1342 1644 1376 1706 Π
1401 1645 1463 1726 92),

343 1756 404 1819 hoc
426 1774 502 1819 vero
527 1774 568 1819 ex
589 1752 667 1817 σοῦδοι
690 1751 726 1816 σύ
750 1747 813 1831 μοι,
834 1753 882 1819 Ι)θ
904 1756 1036 1818 remedii
1054 1756 1154 1838 igitur
1172 1756 1301 1820 lenitate
1314 1757 1464 1820 convenit

343 1869 422 1931 mibi
456 1887 529 1931 cum
564 1869 675 1948 amice,
710 1868 749 1930 de
780 1867 922 1930 novandi
952 1869 1140 1931 necessitate
1165 1888 1230 1931 non
1252 1870 1337 1933 item.
1359 1869 1463 1933 Teneo

343 1983 430 2046 enim
454 1980 540 2065 quod
564 1985 642 2044 tunc
665 1979 818 2062 dicebam,
841 1999 900 2044 nec
922 1980 1078 2044 refellitur
1103 2001 1122 2043 a
1140 1980 1276 2061 Nabem,
1296 1979 1331 2044 Ο.
1352 1981 1400 2044 Vl
1421 1983 1463 2044 24

345 2091 423 2173 ὂφοοο
437 2131 477 2139 -
490 2091 625 2169 βοὶσομεν
645 2089 744 2170 ὄκχον,
766 2088 874 2168 ἵκωμοον
893 2091 924 2155 δὲ
947 2092 1008 2156 κσὲ.
1031 2095 1121 2176 prius
1139 2092 1360 2157 verbum·non
1372 2095 1463 2158 aliter

346 2227 441 2290 quam
466 2207 626 2288 posterius
647 2205 887 2268 coniunctivum
906 2224 975 2269 esse
994 2206 1167 2270 admodum
1179 2207 1280 2270 videri
1292 2205 1463 2290 probabile.

342 2319 424 2383 Nam
469 2339 544 2383 cum
579 2324 719 2382 mutatae
753 2319 851 2382 huius
885 2318 1120 2382 coniunctionis
1153 2318 1243 2382 nullo
1277 2320 1462 2402 praesertim

342 2432 509 2496 intervallo
548 2436 707 2496 structura
741 2432 829 2494 omni
862 2430 1008 2514 exemplo
1044 2437 1136 2513 caret,
1169 2436 1238 2495 tum
1273 2432 1382 2495 nullus
1416 2437 1464 2496 est

343 2545 474 2608 Pindari
495 2544 594 2626 locus,
618 2543 673 2606 ubi
697 2563 771 2606 cum
790 2543 909 2625 futuro,
929 2544 1016 2627 quod
1036 2544 1196 2607 rarissime
1207 2543 1281 2606 fecit
1292 2542 1463 2626 Homerus

344 2653 423 2737 ἔφμν
445 2658 593 2719 iunctum
617 2674 686 2720 esse
710 2661 841 2719 constet.
865 2654 914 2721 De
937 2657 1141 2721 coniunctivo
1163 2662 1287 2739 praeter
1305 2656 1367 2719 h.l.
1388 2676 1462 2720 con·
1534 2633 1536 2638 ,

343 2774 405 2834 stat
428 2789 470 2832 err
494 2766 531 2832 Ο.
554 2767 636 2831 XIV
657 2770 709 2850 22,
734 2767 769 2830 P.
792 2768 809 2830 I
833 2769 884 2850 72,
901 2767 950 2831 IV
971 2769 1021 2850 92,
1041 2769 1465 2853 coniunctivusessepotest

343 2878 444 2943 οοίνὲσω
468 2879 503 2944 Ο.
526 2881 592 2943 VH
616 2881 667 2963 15,
690 2886 721 2945 et
744 2886 948 2944 controversa
970 2886 1017 2945 est
1039 2880 1128 2944 verbi
1152 2882 1293 2965 corrupti
1317 2881 1463 2955 κελοοδῆτε

343 2995 494 3058 correctio
524 2993 560 3057 P.
582 2993 633 3056 XI
658 2995 686 3075 9,
710 2993 766 3057 ubi
788 2993 903 3074 Heyne
926 2992 1106 3065 κελοδὴσεσε
1126 2995 1269 3076 coniecit,
1293 3013 1351 3078 ego
1375 2996 1462 3059 haud

343 3106 484 3170 dubitem
509 3105 684 3189 Berglrium
709 3108 801 3190 sequi
822 3108 1032 3190 corrigentem
1053 3106 1224 3180 κελσδῆτον.
1243 3105 1336 3182 Quod
1356 3112 1462 3171 autem

343 3222 438 3285 etiam
461 3220 486 3283 I.
512 3219 594 3283 VIII
617 3220 701 3302 (VII)
728 3221 746 3282 9
770 3219 969 3297 δαμωσόμεθα
991 3220 1089 3283 hebui
1112 3240 1169 3304 pro
1193 3222 1406 3303 coniunctivo,
1428 3221 1462 3283 id

343 3355 408 3399 non
437 3335 507 3418 feci,
530 3340 567 3398 ut
588 3335 696 3398 innuit
718 3335 850 3416 amicus,
872 3338 1001 3417 propter
1024 3334 1210 3397 scholiastae
1234 3335 1463 3415 auctoritatem,

249 3519 250 3522 ¹
344 3469 439 3532 quam
462 3449 497 3511 in
517 3447 614 3512 rebus
633 3447 849 3530 grammaticis
868 3448 961 3509 iuxta
983 3466 1058 3510 cum
1078 3445 1204 3509 Nabero
1224 3446 1394 3529 vilipendo,
1406 3446 1463 3510 sed

343 3565 471 3644 propter
493 3579 562 3624 eam
588 3561 690 3643 ipsam
715 3578 853 3623 sanem
875 3559 1095 3640 rationem,
1119 3558 1277 3641 adquam
1303 3563 1461 3640 provocat.

343 3674 465 3758 Nempe
484 3675 594 3754 ,huius
620 3675 684 3737 loci
716 3693 753 3737 ea
782 3674 862 3736 ratio
886 3677 933 3736 est
956 3678 1001 3754 ut,
1026 3672 1054 3735 si
1075 3672 1240 3754 interpreti
1264 3673 1349 3754 optio
1371 3671 1464 3736 detur

343 3789 427 3851 inter
457 3793 632 3870 utrumque
654 3787 798 3868 modum,
817 3787 875 3849 vix
898 3804 1092 3869 quemquam
1112 3790 1273 3868 repertum
1291 3784 1332 3847 iri
1343 3791 1463 3868 putem,

345 3900 424 3982 quin
458 3899 701 3962 coniunctivum
733 3908 808 3981 pr'ae
842 3898 951 3961 futuro
982 3897 1200 3979 amplectatur.
1232 3895 1334 3972 Quam
1358 3915 1462 3962 meam

344 4012 535 4095 opinionem,
557 4030 640 4095 quae
663 4015 712 4074 est
733 4011 887 4092 omnium,
909 4011 944 4072 ni
965 4009 1066 4092 fallor,
1088 4012 1308 4092 interpretum,
1330 3985 1463 4074 utrefu-

343 4130 432 4204 taret,
470 4124 596 4188 Nabero
639 4123 818 4186 adducendi
850 4122 978 4186 fuerant
1013 4122 1075 4185 loci
1110 4141 1152 4185 ex
1186 4123 1328 4205 antiquis
1361 4123 1462 4205 poetis

346 4229 483 4318 Graecis,
506 4237 709 4318 potissimum
732 4254 774 4299 ex
795 4237 864 4318 ipso
888 4233 1035 4316 Pindaro,
1059 4254 1124 4298 non
1148 4255 1190 4300 ex
1211 4234 1354 4316 Horati0,
1376 4236 1464 4318 iique

344 4349 423 4412 tales
454 4352 491 4411 ut
520 4348 600 4410 nihil
629 4348 807 4431 quidquam
841 4345 984 4429 probent,
1018 4347 1175 4430 siquidem
1197 4346 1244 4409 ibi
1267 4345 1353 4428 quod
1374 4347 1463 4429 ipse

343 4461 487 4525 fecturus
529 4466 578 4525 est
618 4459 825 4524 disertissime
856 4460 1027 4544 opponitur
1059 4461 1100 4523 iis
1135 4477 1216 4544 quae
1250 4457 1328 4523 alios
1361 4457 1464 4523 fecere
