3430 5554
892 664 934 726 26

388 851 427 914 V.
452 853 503 915 60.
532 848 585 928 ἄγ’
610 847 700 913 ἔπειτ’
725 846 836 919 Λίτνας
860 847 985 924 βασιλεῖ
1005 845 1102 926 Φίλιον
1125 842 1347 926 ἐξεύρωμεν
1370 841 1466 923 θμνον.

389 965 515 1030 Nubere
538 965 641 1048 placet
663 959 912 1042 ἐξαρχωμεν,
936 961 974 1023 cl.
996 959 1035 1024 N.
1059 960 1093 1023 Π
1113 967 1191 1024 extr.
1214 959 1304 1023 Idem
1328 961 1362 1022 in
1386 980 1469 1023 mar-

345 1080 420 1163 gine
450 1077 641 1161 exemplaris
672 1077 735 1140 mei
765 1075 888 1139 dudum
911 1077 1147 1155 accubueram,
1170 1073 1283 1137 collato
1306 1078 1469 1157 praeterea

344 1191 383 1256 N.
406 1192 457 1255 HI
482 1192 533 1273 10,
553 1190 610 1254 ubi
643 1191 690 1254 sic
712 1193 886 1272 usurpatur
907 1186 1043 1251 verbum
1066 1187 1211 1270 simplem
1234 1184 1371 1270 Insuper
1392 1206 1468 1251 vero

345 1303 529 1368 dubitabam
553 1322 594 1366 an
617 1303 713 1366 etiam
732 1301 838 1366 lenius
859 1301 975 1383 corrigi
993 1304 1102 1382 posset
1119 1293 1333 1378 ἕξοίριιμεν,
1354 1299 1467 1363 collato

343 1416 440 1480 Arist
463 1415 649 1498 Thesmoph.
672 1415 733 1478 981
756 1409 888 1492 ἔξαιρε
906 1410 941 1483 δίο
961 1409 1111 1492 προθύμως
1124 1409 1230 1483 διπλῆν
1242 1407 1329 1490 χοίριν
1340 1409 1465 1490 χορείαις.

344 1528 535 1612 Saepissime
565 1529 651 1591 onim
681 1525 820 1589 librariis
852 1523 1035 1589 confudisse
1065 1505 1141 1588 {cet
1162 1506 1194 1587 εῙι
1213 1529 1344 1588 constat
1364 1522 1467 1589 Nihil-

344 1641 471 1705 ominus
496 1639 655 1704 scribendi
680 1659 761 1704 usus
786 1640 888 1722 magis
912 1639 1114 1703 commendat
1135 1633 1318 1718 ἕξιίρχιιμεν.

387 1837 427 1900 V.
451 1838 502 1901 81.
526 1837 659 1917 καιρὸν
683 1835 707 1899 εί
729 1832 884 1916 φθέγξαιο,
909 1836 971 1900 κτὲ.

388 1949 529 2014 Metrum
564 1950 702 2013 admittit
734 1947 802 2012 καί
806 1949 847 2027 ρι’
878 1949 902 2011 εί
933 1945 1086 2028 Φθένξαιο,
1118 1950 1174 2013 sed
1204 1947 1309 2030 καίριος
1332 1971 1398 2015 non
1420 1958 1468 2017 est

346 2082 412 2126 vox
433 2062 611 2127 Pindarico.
632 2061 730 2126 Recte
753 2062 931 2145 explicatur
953 2059 1035 2125 κατα
1056 2059 1158 2141 καιρόν.
1181 2061 1225 2127 ct
1246 2062 1340 2147 Soph.
1360 2063 1411 2128 Δι’.
1426 2066 1468 2128 34

348 2183 380 2243 et
403 2178 497 2241 1295.
520 2177 637 2242 Nescio
660 2179 759 2261 igitur
781 2197 822 2241 an
847 2198 874 2240 v.
899 2177 940 2239 57

457 2283 494 2352 ὦν
517 2285 628 2370 ἔραται,
652 2289 747 2369 καιρὸν
770 2286 863 2360 διδούς

344 2404 472 2486 rectius
506 2402 608 2468 deleta
640 2402 775 2487 virgula,
809 2400 903 2482 καιρθν
937 2402 1159 2468 adverbialiter
1189 2404 1392 2489 accipiamus,
1423 2424 1468 2470 eo

343 2521 543 2599 tempore,
568 2517 677 2600 quod
701 2516 781 2595 (deo)
806 2519 1087 2599 opportunum
1109 2517 1247 2580 visum
1270 2518 1359 2581 erit.

386 2699 535 2781 Pyth.11
558 2700 609 2762 26.
633 2697 744 2776 γλυκὺν
766 2698 859 2762 ἑλὼν
883 2697 989 2776 βίοτον.

387 2811 513 2896 Optime
533 2811 641 2877 Naber
662 2833 732 2897 pag.
758 2813 799 2876 36
825 2809 937 2890 ἔχων.

386 2997 426 3060 V.
450 2999 501 3061 28.
523 2996 675 3082 Legimus
700 2999 740 3062 de
761 2996 893 3061 Ixione:

675 3106 760 3172 θλλοί
782 3132 822 3172 νιν
844 3105 926 3189 ὕβρις
949 3109 989 3181 είς
1013 3109 1168 3175 αὐαίπκν
1191 3109 1377 3194 θπεροίφανον

454 3214 577 3301 ὦρσεν·
599 3219 688 3299 τρίχα
710 3221 742 3285 δὲ
764 3222 862 3285 παθὼν
885 3219 985 3286 ἐοικότ’
1010 3221 1081 3303 νίνιίρ

453 3331 594 3416 ἐξαίρετα
615 3332 670 3412 ἔχε
693 3332 813 3412 μθχθον.
839 3333 878 3397 αἱ
902 3333 949 3399 δύο
973 3336 999 3400 δ’
1024 3336 1198 3414 οίμπλακίαι

454 3446 602 3529 Φερέπονοι
624 3445 776 3511 τελέθοντι·
799 3448 832 3511 τὸ
856 3447 912 3524 μὲν
936 3445 1006 3528 ἤρας
1030 3447 1072 3512 ίπι

453 3558 598 3641 ἐμφύλιον
620 3553 700 3636 αίμα
723 3558 861 3639 πρώτιςος
885 3561 936 3624 οὐκ
958 3560 1026 3640 ιἰτερ
1049 3559 1162 3640 τέχνας
1186 3559 1308 3640 ἐπέμιξε
1330 3565 1463 3637 θνατοῖς,

422 3757 424 3761 7
453 3671 552 3737 θτιτε
575 3672 961 3751 μεγαλοκευθέεσσιν
984 3672 1013 3736 ἔν
1037 3697 1110 3738 ποτε
1133 3676 1277 3754 θαλαμοῖς

455 3787 524 3859 Διὸς
547 3784 655 3852 ἄκοιτιν
678 3788 818 3867 ἐπειρῖιπο.

385 3900 439 3964 Ex
471 3921 536 3965 usu
570 3900 660 3964 verbi
694 3894 778 3980 ὦρσεν
812 3901 889 3981 (non
919 3893 1004 3986 ὦσεν)
1036 3908 1165 3985 apparet
1187 3901 1304 3966 αθθπαν
1325 3904 1377 3967 hie
1400 3923 1465 3968 non

343 4013 530 4098 significare,
561 4018 599 4077 ut
627 4012 725 4096 vulgo
758 4015 919 4096 accipitur,
941 4032 1108 4096 noxam,
1132 4014 1188 4079 sed
1211 4016 1370 4098 scelus,
1393 4016 1465 4080 fla-

340 4128 516 4209 gitium,
547 4126 719 4210 culpam.
745 4161 786 4172 -
810 4126 890 4189 Tum
915 4127 1058 4210 displicet
1082 4128 1237 4192 articulus
1261 4131 1307 4192 sic
1330 4150 1465 4214 usurpa-

341 4244 395 4302 tus
419 4239 457 4302 de
480 4258 514 4303 re
536 4239 680 4302 nondum
705 4237 958 4320 commemorata,
982 4242 1191 4323 nequeenim
1213 4247 1366 4324 sequente
1387 4240 1463 4306 sub·

342 4352 480 4415 stantivo
513 4371 532 4414 a
565 4350 704 4415 Pindaro
740 4353 844 4435 potuit
879 4353 1027 4437 usurpari
1061 4372 1118 4436 pro
1153 4349 1217 4416 αίδ
1225 4377 1249 4415 ε.
1285 4352 1411 4418 Oonieci
1442 4346 1463 4432 ᾧ

343 4463 555 4546 (referendum
578 4465 618 4528 ad
641 4462 730 4548 ιένιίρ)
757 4461 806 4527 δύο
829 4464 861 4540 ν’
884 4463 1059 4540 ἀμπλακίαι
1081 4464 1141 4528 κτὲ.
