3430 5554
791 700 892 760 51¹

243 883 749 957 όυαὴαωίηόθτέκτινέειν,
776 885 1106 968 0000100101,οό10
1132 882 1375 960 καμότινν,

246 1015 329 1080 quae
362 998 464 1080 aptior
496 999 648 1062 eorrectio
685 998 821 1079 videtur,
856 1017 962 1080 neque
996 999 1090 1062 etium
1125 997 1219 1062 hodie
1252 999 1374 1080 reperio

256 1110 342 1192 quod
365 1109 479 1173 melius
503 1109 705 1175 substituam.
729 1111 782 1174 Ad
805 1112 978 1194 imaginem
1002 1110 1039 1174 of.
1063 1109 1102 1172 N.
1126 1109 1176 1173 XI
1201 1111 1250 1173 38.

291 1306 330 1369 V.
362 1307 413 1369 66.
447 1309 549 1387 χειρῶν
583 1330 616 1370 τε
649 1305 701 1370 καὶ
733 1306 844 1387 ἷτχόος.
875 1308 977 1373 Sohol.
1001 1307 1242 1388 εὐχερείας
1265 1331 1298 1371 τε
1323 1305 1375 1371 καὶ

250 1417 361 1498 ότχόος.
387 1419 570 1504 Corrigatur
593 1444 606 1483 ε
619 1420 635 1482 d
647 1419 796 1500 χειρία
810 1445 834 1493 ς.
857 1420 1016 1505 Perpetuo
1028 1422 1106 1485 huoo
1118 1421 1372 1485 confunduntur.

292 1605 382 1670 Nem.
406 1605 471 1668 VII
496 1607 546 1668 12.
873 1603 925 1670 ταὶ
950 1603 1086 1684 μενόλαι
1109 1604 1166 1686 γὰρ
1189 1606 1284 1671 danai

381 1717 482 1783 σκότον
505 1717 596 1782 τολὺν
619 1715 715 1796 ὕμνων
739 1716 837 1806 ἔχοντι
858 1718 877 1783 Υδ
889 1743 903 1782 ε
915 1716 930 1782 ό
941 1727 992 1796 με
1004 1742 1018 1781 ν
1030 1742 1051 1783 α
1064 1743 1081 1782 ι.

293 1831 384 1916 Legit
415 1834 461 1896 sio
491 1834 556 1896 iam
584 1831 760 1897 Scholia-sta
783 1835 1010 1918 interpretatus
1034 1833 1184 1913 χρῄζοντα
1212 1833 1371 1918 (κατνρόό-

250 1945 370 2032 ματα).
390 1946 607 2011 Nihilominus
628 1947 720 2010 valde
740 1953 926 2032 suspectum
938 1952 986 2011 est
998 1944 1132 2023 δεόμεναι
1144 1949 1213 2011 sine
1226 1947 1372 2031 exemplo

251 2060 371 2122 dietum
394 2079 451 2143 pro
475 2058 647 2136 ἑνδεόμεναι,
673 2079 696 2124 s.
721 2057 826 2130 ἐνδεεῖς
846 2053 937 2122 αὗται.
960 2058 1065 2134 Quare
1088 2061 1233 2143 suspicor
1249 2065 1374 2142 poetam

252 2172 376 2236 dedisse
417 2170 519 2235 τενό
530 2194 680 2249 μεναι,
717 2191 781 2256 quo
820 2173 917 2237 verbo
953 2173 1100 2237 similiter
1135 2173 1287 2238 translate
1322 2175 1377 2237 usi

252 2290 329 2349 sunt
361 2305 386 2348 o.
410 2305 435 2364 e.
470 2285 650 2366 Aeschylus
685 2285 778 2349 Eum.
813 2287 878 2349 409
910 2291 942 2351 et
971 2285 1141 2370 Euripides
1167 2286 1275 2370 Suppl.
1303 2288 1387 2370 222,

254 2399 522 2481 quemadmodum
546 2401 614 2484 ipse
637 2399 797 2465 Pindarus
821 2403 946 2470 πλοῦτος
968 2401 1182 2483 metaphorice
1208 2401 1378 2484 usurpavit

252 2511 287 2574 P.
310 2511 359 2574 VI
382 2512 433 2574 47.
457 2511 525 2576 Neo
548 2511 659 2576 δεῖσθαι
683 2533 742 2576 neo
766 2511 901 2576 τένετόαι
926 2512 1001 2576 alibi
1025 2514 1110 2597 apud
1132 2506 1281 2577 nostrum
1306 2533 1380 2578 nos·

224 2643 226 2646 ·
254 2631 340 2689 trum
362 2626 522 2710 leguntur,
546 2629 603 2711 qui
626 2628 721 2691 etiam
746 2648 765 2690 a
787 2629 969 2712 compositis
989 2627 1080 2692 verbi
1097 2625 1201 2702 δέομαι
1216 2615 1379 2691 abstinuit.

298 2811 337 2874 V.
363 2812 412 2876 16.
442 2809 558 2892 εὕρηται
585 2809 691 2876 ἄποινα
715 2813 837 2892 μόχθων
860 2811 1049 2884 rhetoric
1071 2811 1162 2876 ἐτέων
1185 2812 1231 2876 αι
1248 2811 1320 2876 ιδα
1333 2811 1344 2876 ι’
1357 2837 1381 2884 ς.

299 2924 351 2988 sie
374 2924 458 2988 Pin
472 2927 501 2989 d.
528 2926 569 2988 27
594 2927 719 2990 correxi
742 2946 798 3010 pro
821 2931 946 2997 κλυταῖς
972 2964 1014 2973 -
1034 2925 1153 3018 dardeis,
1177 2927 1214 2990 01.
1235 2927 1270 2990 P.
1284 2927 1319 2989 Π
1333 2927 1383 2990 13.

254 3037 326 3101 Vid.
356 3038 464 3122 Bergk
494 3038 535 3103 ad
560 3037 595 3102 P.
619 3037 653 3102 Π
677 3041 729 3122 21,
752 3040 809 3104 ubi
832 3045 939 3104 tamen
962 3041 1104 3125 praefero
1128 3041 1383 3120 ἐφετμαῖς,

255 3151 456 3236 iungendum
478 3171 552 3216 oum
575 3154 682 3218 verbis
705 3154 734 3217 εἰι
758 3153 902 3234 πτερόεντι
926 3193 969 3202 —-
993 3155 1204 3232 κυλινδόμενον.

301 3336 338 3400 V.
363 3339 413 3402 36.
447 3339 676 3424 Neoptolemus
707 3339 839 3424 Delphis
864 3341 1011 3425 sepultus
1035 3361 1106 3407 esse
1129 3348 1288 3425 narratur,
1313 3350 1383 3422 Πρι-

256 3449 335 3528 apae
368 3451 452 3516 πόλιν
486 3492 528 3501 -
562 3452 626 3517 ἐπεὶ
663 3451 779 3534 τρόόεν,
811 3457 862 3534 τᾷ
894 3453 966 3517 καὶ
992 3453 1106 3519 Δαναοὶ
1130 3452 1270 3529 τόνησαν.
1297 3454 1385 3520 Licet

259 3565 427 3630 scholiasta
448 3568 511 3630 iam
535 3569 580 3631 ita
602 3568 721 3651 legisse
745 3567 903 3648 videatur,
923 3588 987 3632 non
1008 3573 1114 3632 tamen
1136 3569 1272 3653 expedio
1285 3587 1383 3632 voou-

259 3678 322 3742 lam
357 3678 416 3751 καί,
453 3699 534 3764 quae
565 3682 611 3744 sio
642 3686 767 3745 tantum
799 3686 884 3745 reete
907 3681 1076 3765 legeretur,
1102 3684 1130 3746 si
1153 3681 1381 3764 Neoptolemus

259 3812 323 3856 non
353 3793 468 3857 fuisset
496 3795 565 3878 ipse
589 3793 737 3858 Graecus.
761 3793 1016 3878 Expectaveram
1042 3796 1140 3879 igitur
1162 3799 1213 3876 τᾷ
1236 3816 1309 3874 περ
1334 3795 1387 3858 vel

259 3909 310 3986 τᾷ
333 3904 379 3976 δὴ
405 3903 518 3968 Δαναοὶ
542 3904 681 3979 τόνησαν.
858 3901 859 3904 “
1323 3914 1325 3919 ’

304 4090 344 4154 V.
366 4092 418 4155 42.
442 4089 622 4169 όεμίτκνττνν.
649 4092 751 4157 Schol.
774 4090 925 4156 δίκαιον
948 4089 1061 4173 ἔφορον.
1078 4093 1189 4182 ¹Immo
1213 4090 1385 4156 δικαίων.

305 4278 344 4340 V.
362 4329 364 4334 .
381 4279 431 4342 58.
467 4276 601 4358 Θεαρίων,
633 4275 681 4340 τὶν
710 4276 737 4340 δ’
774 4275 886 4340 ἐοικότα
915 4276 975 4340 κτὲ.
1010 4277 1065 4339 Ad
1088 4276 1171 4340 hano
1194 4281 1386 4341 structurum

263 4390 391 4478 Graecis
425 4390 611 4455 sollemnem
640 4391 678 4454 of.
708 4389 844 4454 Porsoni
868 4396 976 4455 notam
999 4390 1039 4453 ad
1063 4388 1165 4454 Orest.
1192 4391 1269 4472 614,
1293 4395 1390 4454 etex

262 4510 370 4568 nostro
394 4524 472 4568 mox
493 4525 523 4567 v.
548 4505 599 4568 86.
622 4504 661 4568 N.
685 4505 720 4566 ll
744 4506 793 4567 14.
816 4504 852 4568 Ρ.
878 4505 910 4565 V
935 4505 986 4567 60.
1009 4503 1061 4566 Xl
1084 4505 1138 4566 41.
1203 4568 1205 4572 .
1397 4500 1400 4504 ’
