3430 5554
919 698 962 761 34

416 883 517 948 Schol.
541 883 565 946 εἶ
586 880 743 963 ε’ρειινννένν
765 879 817 946 nai
841 873 1017 962 Φμντιςέιν.
1041 882 1158 948 Dissen
1181 903 1280 964 „eum
1302 885 1396 948 etiam
1415 883 1495 947 falsa

371 1000 402 1060 et
436 997 600 1060 mendacia
635 997 759 1086 somnia
792 997 864 1077 sint„
900 1001 990 1080 rogat
1020 1017 1098 1060 num
1122 997 1200 1060 haee
1222 1015 1273 1061 res
1296 996 1368 1060 talis
1391 997 1432 1060 sit
1456 995 1495 1059 de

372 1131 436 1194 qua
455 1111 634 1174 accuratius
655 1110 882 1193 quaerendum,
903 1110 949 1173 de
973 1130 1051 1193 quo
1074 1109 1243 1177 consuli
1263 1114 1387 1193 queat
1406 1109 1494 1190 deus,

372 1223 450 1307 quid
484 1223 565 1287 facto
602 1242 682 1306 opus
716 1221 788 1286 sit.’'
821 1221 919 1286 Haud
949 1223 1016 1285 vidi
1041 1223 1160 1306 magis!
1185 1223 1250 1285 Cur
1274 1241 1392 1306 quaeso
1414 1223 1494 1286 istae

370 1336 542 1420 ambages?
568 1334 687 1412 Quidni
710 1337 817 1400 statim
841 1336 935 1400 deum
959 1340 1058 1421 rogat,
1082 1335 1159 1420 quid
1182 1336 1269 1399 faotu
1292 1355 1372 1420 opus
1392 1336 1433 1399 sit
1453 1334 1493 1399 ad

369 1451 451 1514 iram
475 1451 607 1514 deorum
628 1450 802 1515 inferorum
826 1450 1021 1534 placandam.
1043 1449 1087 1514 Of.
1108 1452 1171 1514 159
1192 1448 1315 1540 {rivaret
1327 1449 1354 1514 δ’
1366 1449 1493 1530 ἀφελεῖν

370 1564 487 1640 μᾶνιν
521 1562 696 1640 χθονίων.
731 1563 803 1628 Hoo
834 1583 909 1628 vero
940 1566 1047 1648 ipsum
1071 1563 1186 1628 Peleus
1209 1583 1244 1628 se
1266 1563 1380 1630 fecisse
1403 1563 1494 1646 dixit,

369 1677 433 1740 nisi
451 1678 576 1762 egregie
598 1676 697 1741 folior.
722 1677 897 1762 Scripserat
916 1679 1003 1742 enim
1026 1683 1136 1761 poeta:

852 1811 1065 1892 μεμάντευμαι
1088 1812 1114 1877 δ’
1139 1811 1189 1877 εἰιὶ
1213 1812 1343 1896 Κνιςιιλθ,

559 1926 582 1990 εἰ
605 1925 891 1991 κνιτνὲλλνικτόν
912 1950 971 2001 τι,
1079 1933 1081 1938 ’

370 2064 573 2147 numquid
597 2065 763 2148 expiari
786 2065 941 2148 possit,
964 2069 1020 2128 aut
1043 2065 1138 2129 etiam
1161 2064 1283 2128 lenius:

558 2202 583 2265 εἷ
605 2200 888 2279 peruramur
911 2223 964 2273 ει,

369 2339 572 2423 numquid
602 2341 756 2404 mutari
787 2341 931 2424 possit.
962 2339 1127 2404 Posterius
1157 2359 1245 2403 nune
1275 2339 1378 2404 laetus
1400 2323 1493 2405 rideo

369 2454 404 2515 in
435 2458 547 2536 quarta
570 2453 707 2517 editione
731 2455 833 2532 (tertia
858 2455 943 2518 onim
968 2455 1016 2517 uti
1040 2454 1136 2535 soleo)
1160 2455 1358 2538 propositum
1383 2474 1453 2519 esse
1474 2475 1493 2518 a

370 2565 516 2649 Bergium,
552 2566 607 2631 sed
641 2567 728 2650 prior
750 2569 902 2632 eorrectio
925 2568 1033 2632 neseio
1055 2567 1121 2630 fere
1144 2587 1186 2631 an
1209 2567 1414 2652 praeferenda
1436 2570 1486 2634 sit.

371 2678 559 2743 Constanter
601 2679 753 2743 confundi
797 2700 816 2743 a
849 2669 988 2744 librariis
1021 2685 1192 2764 utramque
1227 2683 1489 2766 praepositionem

371 2796 482 2857 notum
507 2798 563 2857 est.

413 2989 453 3054 V.
478 2991 550 3054 173.

458 3113 708 3187 αἰδεσθέντες
730 3113 868 3180 danda.

458 3228 748 3307 ’Λμννισθέντες
770 3228 897 3300 ἀλκᾶς
921 3229 971 3294 vel
992 3221 1036 3300 ἶις
1060 3227 1303 3306 μννισθὲντες
1326 3228 1468 3303 danda,

370 3375 469 3421 suae
491 3375 687 3420 memores
708 3356 905 3437 virtutis,
929 3355 1113 3441 suspicabar
1133 3355 1252 3420 Pind.
1277 3356 1327 3418 16.

412 3578 452 3643 V.
477 3580 550 3642 184.
585 3577 648 3642 τὸν
682 3573 721 3640 δὲ
755 3574 908 3654 πνιμνιείθν
942 3575 1054 3653 γλυκὺν
1088 3574 1240 3654 ἡμιθέοισιν
1274 3572 1358 3640 πόθον
1380 3574 1488 3640 ἔνδιιιεν

368 3689 448 3773 Ἥριι
470 3691 538 3763 vada
561 3693 697 3772 Ἀργοῦς,
722 3689 764 3768 μή
789 3713 855 3754 νινιι
878 3729 921 3738 -
943 3690 1025 3770 aaa
1048 3688 1140 3770 μνιερὶ
1164 3688 1259 3766 μένειν
1279 3690 1338 3755 ari.
1360 3690 1485 3756 Haereo

367 3809 401 3872 in
425 3807 568 3889 articulo,
591 3807 667 3890 quia
689 3807 724 3868 in
747 3807 941 3890 praegressis
965 3805 1110 3869 nondum
1132 3805 1249 3870 diserte
1272 3805 1486 3890 significatum

367 3927 415 3987 est
449 3921 650 3987 desiderium.
683 3918 788 3996 Quare
810 3919 884 3983 vide
905 3939 1012 3984 nonne
1030 3901 1169 4002 praestet
1191 3919 1387 3982 coniunctim
1412 3918 1488 3982 sori-
1546 3903 1549 3909 ¹

367 4036 456 4100 bere:
492 4032 614 4098 Τι’νδε
647 4032 707 4096 ari.
740 4032 951 4115 referendum,
975 4037 1012 4096 ut
1034 4032 1123 4110 solet,
1145 4031 1186 4096 ad
1209 4032 1390 4116 sequentia:
1414 4032 1434 4094 i.
1458 4049 1483 4096 e.

365 4152 500 4212 τοσοῦτον
523 4183 564 4194 ·-
588 4143 644 4213 ὥςε
668 4145 711 4224 μὶν
736 4145 795 4210 ari.

410 4370 449 4433 V.
473 4369 545 4433 199.
568 4365 748 4445 ἀμπνοὰν
770 4365 797 4430 δ’
821 4361 906 4446 ἥρωες
929 4363 1050 4434 ἔςνισννν.

411 4481 520 4546 Plaoet
543 4480 681 4546 Ooraosii
704 4481 821 4560 (lettres
843 4480 989 4561 ineditas)
1014 4481 1196 4544 coniectura
1217 4475 1407 4555 θμπιιιον.
