3430 5554
833 630 910 726 ‘sc

379 849 418 913 V.
442 851 493 912 44.
517 849 549 913 ἐκ
573 846 664 912 πθνων
687 845 719 911 δέ
742 842 766 910 οἳ
789 845 841 909 σὺν
866 843 978 909 νεθτατι
998 844 1137 924 γένωνται
1160 844 1212 908 σθν
1235 869 1269 909 τε
1287 844 1355 928 δέκα

522 959 629 1025 τελέθει
653 960 721 1041 πρὸς
744 965 838 1038 γῆρας
861 958 929 1022 αἰὼν
952 957 1103 1039 ἁμέρα.

379 1072 505 1158 Optime
528 1075 574 1138 sic
598 1073 748 1137 scribitur
772 1079 803 1136 et
825 1074 1002 1136 rectissime
1020 1078 1113 1136 vetus
1134 1072 1303 1136 scholiasta
1315 1077 1452 1137 enarrat:

334 1186 351 1258 ἦ
375 1186 443 1250 αἱθιν
469 1187 527 1252 έςιν
550 1187 652 1257 αὐτοῖς
677 1184 771 1265 ἡμέρα
795 1183 861 1248 aar}
883 1189 934 1248 τοῦ
958 1181 1061 1264 ἥμερος
1083 1182 1135 1248 καὶ
1162 1189 1252 1264 πρᾷος
1274 1185 1333 1251 ε’ςιν
1355 1185 1457 1256 αὐτοῖς

333 1298 346 1362 ὃ
370 1298 433 1376 βίος
457 1299 524 1378 πρὸς
547 1304 649 1379 γῆρας,
675 1297 746 1362 ὅταν
769 1292 835 1360 ὦσιν
853 1298 882 1360 ἕν
902 1298 1011 1371 νεθτντι
1033 1295 1227 1369 πεπονηκότες
1247 1296 1371 1370 δικαίοις,
1386 1317 1457 1363 sen-

333 1414 425 1494 tienS,
449 1415 569 1496 opinor,
593 1432 687 1495 qnam
709 1419 780 1495 apte
800 1411 832 1475 τὸ
852 1408 948 1490 ἄγριον
968 1414 1024 1473 τῶν
1036 1409 1295 1489 προπεπονημένων
1308 1411 1336 1473 έν
1348 1410 1457 1483 νεότητι

334 1533 512 1609 opponatur
544 1526 583 1603 τῷ
619 1523 714 1604 ἡμέρῳ
743 1527 794 1587 τοῦ
828 1523 930 1603 γήρως.
965 1523 1072 1587 Naber
1102 1525 1162 1586 hoc
1194 1526 1290 1588 nimis
1322 1527 1459 1590 tenuiter

335 1639 455 1703 scilicet
477 1640 598 1702 dictum
622 1658 692 1702 esse
714 1638 886 1720 contendit
911 1644 949 1702 ut
966 1657 1111 1721 promere
1129 1640 1234 1721 possit·
1242 1639 1457 1703 coniecturam

335 1749 496 1830 θρέμα,
531 1752 660 1815 lento
694 1752 858 1835 gradu,
894 1752 978 1834 quod
1014 1771 1112 1833 quam
1146 1757 1231 1816 recte
1266 1757 1354 1816 coeat
1383 1772 1456 1816 cum

334 1863 430 1927 verbo
454 1862 561 1926 τελέθει
589 1862 649 1947 (z
664 1864 716 1934 ἑτι,
740 1862 894 1949 γίγνεται)
917 1866 985 1947 ipse
1007 1864 1130 1945 viderit,
1151 1869 1185 1927 ut
1205 1866 1346 1928 omittam
1359 1863 1457 1944 θρέμα

335 1997 400 2040 non
432 1996 501 2040 esse
528 1976 720 2040 vocabulum
743 1976 959 2040 Pindaricum.
984 1976 1061 2039 Αἱθν
1084 1977 1231 2040 feminini
1252 1978 1377 2061 generis
1401 1984 1457 2060 est,

337 2094 373 2152 ut
395 2088 431 2152 P.
455 2088 503 2151 TV
529 2090 591 2151 186
614 2089 645 2163 V
671 2090 689 2151 6
714 2109 759 2172 sq.
785 2095 816 2153 et
838 2091 924 2152 haud
946 2092 991 2153 ite
1013 2109 1083 2154 raro
1107 2091 1192 2175 apud
1216 2097 1334 2173 poetas.

383 2313 421 2375 V.
446 2314 498 2375 47.
522 2310 616 2383 κῦδος·
640 2310 717 2396 (ὡς)
744 2311 795 2374 οθκ
818 2307 861 2378 ἔτι
883 2309 977 2391 πθοτω
1002 2311 1102 2376 θνατὸν
1125 2310 1167 2375 ἔτι
1190 2315 1313 2381 σκοπιᾶς
1335 2312 1434 2384 ἄλλοις

1136 2423 1325 2508 [ε’φοέψαοθαι
1349 2425 1455 2489 ποδοῖν.

381 2537 512 2601 Pindari
542 2557 638 2601 usum
667 2542 812 2620 spectans
836 2537 973 2600 multum
998 2536 1118 2618 dubito,
1142 2557 1222 2599 num
1245 2543 1328 2602 recte
1351 2537 1458 2621 Bergk

336 2653 455 2715 inserta
481 2651 595 2714 vocula
618 2651 654 2720 ὡς
681 2649 858 2730 asyndeton
882 2648 1117 2714 oblitteraverit.
1141 2649 1243 2713 Multo
1266 2652 1384 2714 rectius
1408 2670 1458 2714 me

335 2765 441 2828 iudice
462 2764 715 2827 Rauchenstein:
737 2821 739 2825 .

525 2874 708 2956 <θινδο’>
730 2876 780 2939 οὐκ
802 2875 845 2941 έςι
869 2874 961 2955 πθοτοι
985 2875 1084 2939 θνατὸν
1108 2875 1167 2938 κτέ.

381 2992 551 3075 Nusquam
594 2993 679 3054 enim
714 2990 874 3054 Pindarus
908 2989 1063 3073 singulari
1096 3009 1231 3054 numero
1266 2991 1457 3055 vocabulum

338 3104 439 3176 θνατθς
463 3104 663 3168 substantive
686 3104 862 3186 usurpavit,
886 3103 942 3166 sed
965 3101 1087 3186 ubique
1110 3103 1230 3166 addidit
1252 3102 1331 3182 ἀνήρ.

381 3330 471 3393 Nem.
495 3327 529 3390 X
554 3330 573 3391 9
596 3324 703 3403 μθντιν
727 3324 893 3399 Οἷκλεθδαο,
918 3324 1054 3402 πολέμοιο
1078 3325 1221 3407 νέφος.

383 3444 493 3527 Ipsum
525 3441 644 3505 bellum
680 3442 796 3522 optime
820 3441 866 3503 sic
889 3445 1065 3522 vocaretur,
1088 3447 1124 3504 ut
1146 3446 1194 3504 est
1216 3442 1240 3505 Ι.
1263 3442 1312 3505 VI
1335 3444 1376 3504 27
1400 3441 1459 3514 θςις

337 3559 365 3620 έν
401 3553 499 3636 ταθτᾳ
527 3551 694 3633 νεφέλα
724 3549 870 3630 χθλαζαν
894 3549 1021 3628 αἶἀατοο
1045 3553 1097 3630 πρὸ
1120 3553 1215 3632 Φίλας
1237 3552 1354 3634 ποθτρας
1376 3554 1457 3631 θαύ-

338 3692 427 3740 νεται,
456 3675 487 3734 et
517 3667 629 3731 oaedes
651 3663 690 3728 N.
713 3664 764 3728 IX
789 3667 830 3728 38
855 3671 990 3728 vocatur
1011 3663 1100 3744 φθνον
1124 3665 1244 3744 νεφέλα.
1269 3668 1332 3732 Sed
1354 3669 1459 3733 fortis·

336 3786 453 3847 simum
490 3782 602 3844 ducem
638 3778 869 3863 Amphiardum
904 3781 948 3843 ita
983 3779 1045 3843 dici
1079 3781 1221 3863 potuisse
1250 3781 1338 3845 haud
1368 3782 1459 3846 facile

336 3896 470 3960 credam.
495 3893 601 3976 Bergk
625 3893 758 3955 coniecit
783 3889 915 3969 φθος,
940 3892 1056 3955 melius
1079 3912 1155 3956 sane
1175 3913 1271 3975 quam
1292 3893 1458 3958 Raucben-

336 4012 417 4074 stein
451 4007 590 4086 γέρας.
627 4005 747 4069 Notum
771 4012 819 4068 est
842 4007 927 4088 apud
949 4005 1079 4070 Latinos
1103 4006 1221 4071 belli
1256 4007 1458 4071 fulmina

335 4122 455 4184 dictum
491 4121 530 4182 de
564 4118 774 4201 Scipionibus
809 4118 848 4181 ad
876 4120 969 4182 cuius
993 4119 1163 4183 locutionis
1186 4120 1369 4204 exemplum
1392 4141 1458 4184 non

337 4233 473 4298 absurde
500 4233 637 4295 conicias
661 4228 798 4306 πολέμοιο
821 4229 966 4302 τέλος.
990 4232 1042 4296 Ad
1068 4252 1163 4296 usum
1187 4233 1285 4297 huius
1310 4233 1457 4298 vocabuli

338 4367 393 4432 pro
424 4343 542 4423 οὶςραπθ
575 4344 612 4408 cf.
637 4343 730 4406 Hom.
754 4351 780 4405 Θ
806 4343 855 4405 76.
880 4343 973 4427 Soph.
998 4343 1033 4408 Ο.
1059 4344 1091 4408 G.
1117 4347 1166 4408 95.
1188 4345 1306 4410 Herod.
1330 4347 1381 4410 ΠΙ
1406 4349 1457 4410 28.

339 4461 379 4527 In
401 4480 436 4525 re
458 4466 564 4526 tamen
587 4460 704 4523 incerta
729 4456 808 4522 nibil
833 4456 964 4524 affirmo.
