3430 5554
789 692 829 752 53

429 868 541 944 ταύτης
565 869 624 950 γὸιρ
647 877 731 935 κεῖνοι
754 870 966 948 δαίμονες
990 870 1045 935 είσί
1069 872 1186 952 μύκης.

297 984 542 1049 Emeudundum
554 1007 560 1048 :

430 1095 543 1171 ταύτης
567 1097 625 1177 νὸιρ
647 1096 735 1160 κεῖνοί
755 1099 787 1175 γ’
811 1093 991 1175 αἵμονες
1014 1095 1069 1160 siut
1095 1096 1204 1179 μοὸχνς

252 1210 289 1273 cl.
312 1210 400 1274 Iliad.
424 1219 449 1273 E
473 1212 516 1275 48

430 1323 496 1387 Ύίὸν
520 1322 551 1386 δὲ
572 1322 721 1402 Στροφίοιο
744 1322 955 1403 Σκαμάνδριον,
979 1321 1145 1400 αἵμονα
1168 1322 1251 1404 όύρκς

428 1435 584 1515 Ἀτρείδας
607 1435 758 1508 Μενέλαος
782 1433 824 1499 ἕλ’
849 1434 940 1514 ἔγχεϊ
960 1432 1093 1511 όξνόεντι.

296 1548 419 1626 Δαίμῳν
448 1550 534 1614 idem
565 1549 744 1634 significare
766 1569 860 1633 posse
884 1551 971 1634 quod
996 1548 1117 1627 δαίμων
1142 1570 1211 1615 eras
1236 1553 1371 1616 credam.

293 1746 332 1808 V.
366 1749 415 1810 19.
449 1743 603 1820 ἐλελίξαις.
637 1747 681 1811 Of.
713 1746 748 1811 Ο.
780 1747 831 1811 ΙΧ
862 1750 903 1812 19
934 1753 965 1812 et
995 1749 1030 1813 P.
1054 1749 1071 1812 I
1095 1752 1123 1812 4.
1147 1749 1198 1814 Ex
1221 1751 1271 1814 his
1294 1750 1373 1814 locis

249 1867 377 1945 apparet
409 1863 473 1925 iam
506 1861 639 1925 Pindari
672 1868 772 1926 aetate
807 1863 892 1946 apud
925 1863 1104 1928 Homerum
1137 1865 1198 1928 hoe
1230 1863 1374 1941 verbum,

249 1993 305 2058 pro
340 1979 404 2057 que
439 1973 564 2057 Dawes
599 1974 705 2057 Cobet,
737 1974 860 2052 Nauck,
895 1978 948 2040 alii
984 1977 1106 2061 ubique
1135 1977 1370 2042 restituendum

249 2091 452 2174 suspicantur
473 2088 630 2164 Ἑελίοσειν,
654 2091 770 2156 lectum
794 2092 903 2156 fuisse.

293 2289 332 2350 V.
356 2290 407 2351 21.
430 2285 500 2366 ὁφον
525 2286 567 2373 [δὲ
591 2286 682 2372 λόγοι]
706 2290 888 2369 φύονεροῖτιν.

292 2400 373 2465 Cum
408 2401 545 2466 Christio
579 2402 685 2484 verbe,
716 2422 798 2485 quae
822 2423 894 2486 pars
913 2397 1073 2466 'librorum
1098 2405 1223 2485 emittit,
1246 2403 1368 2467 librarii

248 2513 503 2597 supplementum
540 2533 609 2579 esse
640 2521 726 2597 pute,
750 2519 781 2578 et
804 2516 889 2598 quod
914 2514 1080 2581 substituit
1103 2512 1173 2594 ὁφον
1196 2515 1370 2594 φθονεροῖσιν

246 2625 286 2689 δε
316 2627 364 2702 μό
371 2631 469 2705 μφοι
500 2628 547 2702 ita¹
574 2627 682 2711 prob0,
703 2632 741 2691 ut
763 2627 802 2690 ὁὸ
825 2626 991 2708 μομφαί
1010 2629 1222 2712 praetulerim.
1246 2626 1370 2693 Deinde

247 2741 411 2806 verissime
432 2739 561 2804 Heeker
583 2738 712 2820 ἐφίζει
736 2760 792 2824 pro
816 2738 940 2820 ἐρίζει.
963 2740 1077 2804 Pind.
1103 2742 1143 2803 27
1169 2761 1216 2824 sq.

289 2936 328 3000 V.
352 2939 403 3000 27.
427 2935 506 3017 φόνῳ
529 2935 728 3000 τοίλαιτεν
751 2939 866 3020 (Aiax).
890 2936 963 3002 Diei
988 2940 1034 3002 sic
1053 2940 1166 3022 nequit
1185 2939 1224 3002 de
1244 2957 1291 3021 00,
1311 2940 1368 3021 qui

245 3050 456 3113 voluntanam
486 3069 597 3115 necem
629 3050 690 3114 sibi
718 3051 820 3115 infert.
846 3050 975 3135 Corrigo
995 3048 1074 3130 φόνῳ
1097 3049 1307 3128 ταλοὸχόκ,
1332 3056 1369 3115 ut

244 3163 361 3247 legitur
383 3161 590 3227 ταλόσσεοόαι
613 3159 730 3241 αἵματι,
755 3161 854 3244 λύόρῳ,
881 3160 959 3243 ὁὸρῳ,
982 3164 1051 3227 sim.
1072 3164 1155 3247 apud
1178 3162 1366 3227 Homerum.

246 3275 290 3340 οι.
312 3276 426 3342 Aeson.
451 3277 533 3361 Sept.
557 3280 608 3340 48.
631 3277 724 3362 Soph.
749 3278 800 3341 m.
824 3280 876 3341 43.
899 3277 1058 3341 Pindarus
1081 3277 1106 3340 1.
1130 3276 1212 3339 um
1237 3277 1287 3358 55,
1310 3277 1368 3341 uu
1429 3247 1436 3264 ’

244 3387 633 3468 mensunusum.
654 3369 784 3454 inim.
809 3392 855 3455 au
876 3390 1051 3474 τοτυμ.
1063 3411 1092 3473 p.
1107 3391 1157 3453 τι.
1181 3389 1294 3453 Pind.
1316 3391 1367 3454 28.

289 3576 325 3640 V.
350 3577 401 3658 33,
424 3574 535 3640 Deleta
557 3567 683 3660 'virgula
706 3581 777 3660 post
800 3573 965 3654 ὁμόφοιτος,
991 3574 1111 3639 scribo:

419 3686 551 3765 αἱμύλων
575 3687 672 3764 μύόῳν
696 3686 907 3767 ὁμόφοιτος
931 3684 1114 3767 δολοφροὸδνς
1137 3687 1199 3751 κτὲ.

241 3804 261 3864 i.
274 3821 300 3865 e.
323 3800 523 3881 οννοὸοίτορος.
551 3801 594 3864 Cf.
618 3801 711 3886 Soph.
725 3800 760 3865 0.
773 3801 809 3865 R.
825 3802 888 3864 202
914 3799 1072 3864 Μαινοὸὁων
1097 3799 1245 3876 ὁμόςολος,
1270 3820 1364 3884 porro

241 3915 339 3993 φιλὸς,
374 3913 484 3994 ἐχθρός,
521 3913 699 3993 σύμμαχος,
735 3915 796 3979 alia
826 3934 908 3998 quae
931 3933 975 3978 ex
997 3914 1161 3978 adieetivis
1183 3912 1267 3978 fiunt
1290 3913 1365 3977 sub·

242 4030 386 4093 stuntiva.
411 4029 525 4095 Pind.
549 4029 600 4091 ].l.

286 4143 437 4207 Similiter
469 4143 546 4206 olim
578 4144 870 4226 interpunctionem
902 4143 1027 4207 correxi
1059 4142 1143 4225 apud
1167 4139 1365 4221 Aeschylum

242 4255 325 4340 Sept.
351 4257 413 4319 720
438 4255 622 4320 seu'bendo:

417 4366 547 4449 τόφρικα
569 4367 625 4431 τὸιν
648 4366 805 4432 ὠλεσίοικον
829 4367 886 4431 όεὸν
910 4367 941 4431 οὐ
966 4367 1037 4439 όεοῖς
1060 4364 1171 4444 ὁμοίαν,

418 4483 577 4555 ταναλαόῆ
600 4479 791 4558 κακόμαντιν,
815 4480 924 4562 τατρὸς
949 4479 1089 4545 εὐκταίαν
1113 4477 1240 4559 Ἐρινύν.
