3430 5554
792 629 942 724 se'

242 845 344 922 habet
365 846 519 910 dicendus
544 850 592 911 est
615 849 758 910 tenere
780 845 941 926 elaveS,
966 863 1048 929 quae
1071 865 1135 908 non
1158 846 1261 929 magis
1280 864 1366 909 sum-

243 978 314 1023 mee
348 965 425 1023 sunt
459 980 556 1043 quam
587 960 710 1025 mediae
740 963 796 1024 aut
818 959 956 1023 infimae.
982 958 1044 1022 Sed
1066 959 1214 1043 intellege
1237 959 1367 1022 adme

243 1073 334 1136 dum
367 1073 549 1157 validas,
583 1078 795 1158 potentes,
832 1078 869 1137 ut
903 1078 951 1138 est
984 1093 1013 1137 r.
1045 1091 1072 1136 e.
1099 1073 1137 1136 ir.
1163 1073 1227 1136 169
1260 1071 1365 1152 ὑπερ-

242 1183 346 1269 πσίσρ
368 1186 451 1268 χειρί.
574 1263 576 1266 ¹

284 1383 323 1448 V.
349 1385 399 1448 29.
423 1382 485 1462 εἰμί
509 1383 536 1448 δ’
559 1382 691 1464 ἄσχολος
715 1380 860 1460 σίναίὲμεν
883 1384 986 1446 πίσσαν
1005 1381 1206 1462 μακραγορίαν
1226 1381 1301 1467 λύρα
1312 1381 1374 1457 -,’

241 1495 285 1575 μίν
309 1495 385 1579 κόρος
407 1498 494 1563 ἕκίὼν
516 1497 608 1578 κνίσρ.
632 1498 753 1563 Ultima
775 1497 873 1562 verba
892 1495 936 1575 μίν
956 1535 998 1544 -
1018 1496 1099 1577 κνίσρ
1121 1503 1367 1583 suspensesunt

242 1631 260 1676 a
283 1612 440 1677 sententia
468 1612 594 1676 omissa.
618 1611 718 1675 Plena
740 1612 827 1676 enim
851 1611 1008 1675 sententia
1030 1610 1108 1674 haee
1129 1610 1211 1674 foret
1237 1613 1365 1691 ,etium

241 1724 320 1788 mihi
349 1744 415 1788 non
438 1725 588 1809 suppetit,
609 1728 647 1788 ut
670 1725 792 1788 multus
816 1724 876 1787 sim
900 1724 936 1785 in
960 1722 1096 1806 singulis
1115 1741 1366 1788 commemoren-

241 1837 299 1920 dis,
334 1856 407 1901 nee
440 1839 476 1902 si
510 1842 769 1922 suppeteret,
799 1855 843 1901 eo
875 1835 1088 1919 abuterer,
1111 1835 1173 1901 ne”
1197 1841 1267 1900 cett.
1291 1837 1366 1901 Alia

240 1955 420 2015 contractae
451 1953 603 2016 orationis
629 1952 715 2036 apud
736 1951 914 2015 Pindarum
938 1950 1084 2034 exempla
1107 1951 1185 2016 haee
1209 1955 1301 2015 sunt:
1328 1949 1363 2016 0.

239 2062 304 2126 VH
335 2065 387 2128 23.
417 2062 452 2128 P.
483 2064 534 2128 IX
566 2066 615 2128 71.
647 2064 686 2128 Ν.
716 2063 799 2128 VHI
822 2065 874 2128 27.
895 2063 920 2127 Ι.
944 2063 992 2127 Ἦ
1017 2064 1057 2126 15
1071 2084 1116 2147 sq.
1140 2063 1265 2148 Fregm.
1291 2065 1363 2128 112.

239 2177 352 2243 Pind.
378 2179 429 2242 20.
696 2169 701 2180 '
1485 2188 1487 2193 “

268 2376 321 2440 ’V.
346 2377 396 2440 57.
420 2376 585 2452 Ἀλκμᾶνα
617 2404 659 2422 -·
690 2374 794 2452 γείσων
822 2371 864 2438 ὅτι
888 2398 937 2452 μα
961 2373 1010 2439 καί
1033 2372 1205 2439 κπεσίνων
1226 2373 1364 2457 φύλαξ

238 2489 347 2567 ἐμῶν.
383 2489 472 2553 Nihil
507 2490 594 2553 eliud
626 2489 702 2553 dicit
731 2494 833 2573 poeta,
857 2509 954 2573 quam
985 2491 1113 2554 heroem
1137 2491 1205 2554 suis
1230 2491 1362 2557 aedibus

237 2604 381 2667 vicinum
411 2621 519 2668 rerum
551 2622 684 2666 suerum
712 2603 808 2667 saluti
830 2602 1006 2687 invigilare,
1029 2622 1089 2667 nee
1112 2602 1151 2667 de
1173 2608 1284 2687 poetae
1306 2624 1361 2689 pe-

237 2717 333 2781 cunia
361 2717 396 2780 in
426 2716 592 2782 Aiemanis
623 2716 737 2781 sacello
769 2717 911 2802 deposita
942 2716 1147 2801 cogitandum
1179 2735 1249 2782 esse
1273 2718 1360 2783 vide-

236 2835 298 2895 tur.
320 2829 452 2895 Ibidem.

281 3016 320 3081 V.
345 3017 396 3081 69.
419 3015 505 3097 ἀμφ’
530 3012 696 3079 ἕκαστον
718 3012 775 3078 ὅσα
799 3012 907 3092 νέομαι.

280 3123 430 3213 Corrigoi
457 3128 543 3209 ἀμφ’
573 3125 679 3196 ἕκας’
711 3129 726 3192 ἕ
734 3152 748 3190 ν
780 3131 810 3211 (i.
835 3149 860 3194 e.
884 3130 923 3210 ἐς)
947 3124 1001 3192 ὅσα
1025 3127 1137 3207 νέομαι,
1161 3132 1180 3193 i.
1206 3151 1231 3196 e.
1257 3152 1358 3215 quae

235 3243 467 3329 aggredior.
491 3241 622 3306 Ibidem.
647 3241 690 3305 ef.
714 3242 754 3305 ed
777 3242 813 3306 P.
834 3241 883 3305 IV
907 3242 969 3305 127
994 3247 1026 3306 et
1049 3243 1089 3305 ad
1111 3241 1135 3306 Ι.
1160 3242 1177 3305 Ι
1202 3245 1230 3306 1.

277 3425 316 3489 V.
342 3428 392 3490 74.
423 3427 617 3511 Impugneta
646 3427 785 3512 Mergeri
815 3429 998 3492 coniectura
1029 3426 1104 3508 πέρα
1125 3432 1233 3509 Φρσνῶν
1258 3430 1355 3514 (quod

234 3539 427 3624 significaret
445 3542 571 3606 nimis
591 3543 784 3626 sapiens),
800 3543 921 3606 eonieei
940 3539 1225 3622 περισσόφρων,
1246 3563 1356 3628 egre-

232 3655 298 3738 gie
323 3655 490 3738 sapiens
513 3674 570 3738 pro
594 3654 675 3718 πεδ’
699 3652 885 3735 σίφρίνων.
910 3655 1025 3720 Pind.
1050 3658 1091 3720 20
1105 3677 1151 3740 sq.

276 3841 315 3904 V.
341 3841 391 3904 76.
416 3839 559 3905 Oonieei:
583 3839 696 3917 δαίμων
719 3839 751 3903 δὲ
773 3839 912 3921 παρίσχει
935 3839 1039 3905 ἄλλοτ’
1058 3839 1148 3906 ἄλλον
1161 3839 1261 3923 ὕπερθε
1273 3841 1354 3920 βαλ-
1424 3861 1428 3870 ·

231 3970 288 4019 λων
311 3952 440 4019 ἄλλον.
457 3955 480 4019 θ’
505 3954 559 4018 ὑπὸ
581 3957 685 4035 χειρῶν
706 3975 764 4040 pro
788 3952 879 4018 ἄλλον
902 3954 940 4018 δ’.
964 3954 1083 4019 Modo
1106 3956 1216 4020 hune
1238 3957 1354 4020 modo

230 4068 353 4132 illum
383 4069 495 4150 (elteri)
528 4086 710 4153 superne
739 4070 926 4133 iniciens
950 4073 1019 4131 eut
1042 4067 1238 4132 manibus
1262 4070 1353 4151 (eius)

158 4249 160 4255 ,
232 4180 461 4250 subiciens.
484 4182 616 4246 Ibidem.
640 4182 700 4246 Ad.
726 4181 803 4247 Gen.
826 4184 927 4261 χειρῶν
952 4181 990 4245 ef.
1012 4179 1088 4245 Hes,
1111 4179 1166 4243 Th.
1192 4180 1264 4244 717.

275 4366 314 4431 V.
340 4369 389 4433 78.
413 4365 507 4447 μέσρῳ
537 4365 755 4444 καπσίβανν.
787 4368 987 4452 Impugnatis
1010 4365 1237 4450 interpretandi
1258 4386 1353 4432 eona-

230 4480 328 4565 tibus,
351 4480 597 4546 coniectarent
622 4478 742 4544 σαντ’·
767 4480 795 4543 ἕν
820 4481 966 4561 Μερσὶρσνς
990 4479 1051 4544 κτὲ.
1077 4480 1208 4544 Ibidem.
