3430 5554
765 660 806 722 63

263 842 432 908 Manifesto
456 844 612 908 sententia
633 844 769 927 requirit
790 840 947 922 άκούρ,
972 844 1058 928 quod
1081 845 1188 928 ipsum
1212 865 1254 910 ex
1273 847 1340 910 cod.

220 955 247 1018 B
271 957 411 1019 enotavit
434 954 549 1038 Bergk,
573 956 629 1019 sed
652 957 770 1019 iniuria
794 957 921 1038 sprevit.

265 1152 304 1214 V.
328 1154 380 1216 49.
648 1151 731 1224 πόλις
755 1148 879 1223 Αἴαντος
903 1154 1053 1232 ὀρθωθεῖσα
1077 1151 1196 1226 ναύταις

306 1265 335 1328 ε’ν
359 1261 528 1345 πολυφθόρῳ
551 1241 696 1342 Σαλαμὶς
720 1265 789 1337 Διὸς
811 1263 911 1346 ύμβριρ

307 1377 470 1458 ἀναρίθμων
492 1376 599 1457 άνδρῶν
622 1375 812 1457 χαλαζάεντι
835 1376 888 1459 φύ
900 1403 957 1459 νῳ.

262 1490 415 1575 Logimus
455 1491 479 1554 I.
515 1491 579 1554 VH
614 1493 654 1556 27
695 1487 754 1562 isra
788 1491 817 1554 ε’ν
851 1490 950 1574 ταύτρι
983 1491 1096 1576 νεφέλρι
1129 1492 1343 1575 χάλαζαν

220 1600 410 1681 αἳματοο
445 1604 496 1684 πρὸ
530 1603 625 1685 Φίλας
659 1602 776 1685 πάτρας
811 1604 966 1682 άμύνεταν.
1001 1605 1072 1682 Quo
1101 1609 1171 1674 Ioco
1203 1610 1343 1675 adhibito

221 1719 391 1801 suspiceris
411 1718 586 1782 Pindarum
608 1718 660 1781 hic
672 1718 797 1782 dedisse
809 1715 910 1799 ύμβρῳ
923 1728 966 1765 -’
976 1718 1167 1800 χαλαζάεντι
1188 1719 1242 1801 <bd
1253 1745 1267 1784 ν
1279 1745 1292 1786 ο
1305 1746 1341 1796 ν,

222 1837 373 1915 usurpato
403 1829 493 1912 φόνον
517 1850 574 1915 pro
599 1826 735 1907 αἵματος,
760 1832 846 1914 quod
870 1851 963 1916 saepe
984 1833 1129 1898 fecerunt
1153 1835 1207 1898 alii
1230 1841 1342 1919 poetae

221 1950 252 2009 et
281 1946 349 2028 ipse
380 1951 487 2009 noster
516 1943 540 2008 Ι.
565 1943 647 2008 VIII
671 1937 722 2006 55.
746 1943 789 2007 Of.
813 1945 853 2013 ad
876 1944 915 2008 N.
938 1945 1020 2009 VIII
1044 1948 1095 2010 27.
1119 1947 1245 2012 Tertius
1269 1968 1343 2013 cunr

220 2058 272 2121 hic
294 2050 373 2122 locis
396 2063 605 2142 componatur
629 2057 722 2142 Soph.
748 2056 783 2121 Ο.
806 2058 843 2121 a
868 2059 954 2122 1278

843 2170 913 2233 ἀλλ’
938 2171 1010 2248 ύμού
1035 2170 1132 2249 μέλας

411 2281 519 2362 ὄμβρος
542 2281 728 2362 χάλαζά
751 2284 775 2347 ύ’
800 2283 1067 2360 αἱματούοο’
1092 2285 1241 2366 ε’τέγγετο,

223 2402 257 2461 ut
286 2398 349 2480 legi
379 2397 459 2462 solet
489 2416 529 2462 ex
553 2396 689 2460 Porsoni
712 2397 933 2464 emendatione
955 2418 1012 2482 pro
1035 2397 1179 2480 χαλάζης
1203 2399 1342 2479 αἵματος.

221 2509 261 2574 In
295 2529 393 2574 versu
425 2529 608 2593 praegresso
640 2509 674 2591 (Ι.
706 2510 737 2571 V
766 2511 820 2590 48)
843 2530 907 2574 non
933 2513 1024 2579 video
1048 2532 1107 2577 cur
1129 2515 1344 2598 praeferamus

223 2622 353 2706 Bergkii
395 2624 610 2686 coniecturam
654 2622 749 2706 vulgo
784 2628 942 2706 receptam
977 2624 1245 2704 κελαρύοοιι,
1281 2647 1345 2711 quo

226 2735 321 2800 verbo
337 2723 505 2799 ¹Pindarus
528 2755 691 2818 nusquam
714 2755 794 2799 usus
818 2741 874 2818 est,
898 2737 1080 2802 lenissimae
1103 2738 1256 2804 Boeckhii
1278 2760 1346 2804 cor·
1417 2779 1419 2783 ,

222 2851 355 2914 rectioni
386 2847 621 2912 κελαδέειν
653 2868 711 2933 pro
734 2849 947 2913 κελαδεῖν
970 2853 1028 2931 (sic
1050 2852 1144 2934 libri),
1167 2855 1254 2938 quod
1277 2874 1346 2920 ver-

223 2960 300 3026 bum
333 2968 444 3045 poetae
480 2967 529 3026 est
563 2963 598 3024 in
633 2961 763 3044 deliciis,
798 2953 950 3050 quodque
981 2983 999 3026 a
1029 2963 1147 3028 futuris
1171 2967 1346 3031 editoribus

223 3081 408 3142 revocatum
431 3077 477 3139 ire
500 3095 592 3159 spero
616 3080 713 3158 atque
737 3074 869 3138 confido.

269 3261 306 3324 V.
331 3262 383 3324 57.
405 3260 463 3324 οὐδ’
487 3256 591 3322 ύπύοαι
614 3256 748 3322 δαπάναι
770 3258 900 3322 ἐλπίδων
923 3253 938 3321 ἕ
949 3260 1054 3323 κννο’
1079 3257 1095 3323 i
1105 3282 1186 3326 πιν.

267 3373 478 3437 Probabiliter
510 3372 747 3437 Rauchenstein
780 3367 1002 3445 ἐξέπεσον.
1036 3373 1167 3438 Frustra
1191 3372 1348 3441 librorum

224 3489 413 3570 scripturam
438 3488 696 3570 interpretantur.

269 3673 308 3736 V.
333 3673 383 3736 63.
414 3670 465 3736 καὶ
489 3670 646 3752 πτερόεντα
670 3669 761 3734 νέον
783 3668 968 3750 σύμπεμψον
992 3668 1087 3749 ύμνον.
1112 3673 1186 3738 Non
1210 3677 1346 3740 otiosum

225 3787 381 3871 estquod
405 3786 532 3850 additur
556 3783 624 3850 νέον.
651 3783 686 3848 0.
714 3783 765 3849 IX
788 3786 831 3850 49

414 3895 485 3962 cire
508 3896 540 3962 δὲ
562 3895 689 3960 παλαιὸν
713 3895 769 3973 μὲν
793 3889 871 3968 οἶνον,
896 3892 984 3960 άνύεα
1008 3896 1034 3959 δ’
1060 3894 1157 3975 ύμναν

415 4008 562 4091 νεωτέρων.

271 4124 449 4209 Suspiceris
482 4124 548 4189 fere
580 4123 744 4188 interdum
779 4122 909 4188 Pindari
941 4127 1042 4187 aetate
1071 4123 1191 4190 facturn
1214 4145 1293 4210 esse,
1315 4134 1353 4193 ut

227 4241 329 4304 viceor
352 4240 460 4304 miuus
480 4237 655 4304 munificus
676 4226 808 4320 antiquo
828 4236 977 4318 carmine,
997 4242 1155 4318 quantum
1175 4259 1257 4323 opus
1268 4246 1353 4306 esset

226 4354 403 4434 immutato,
426 4357 596 4418 contentus
619 4370 689 4415 esse
713 4349 846 4414 deberet.

272 4465 370 4528 Poeta
394 4465 536 4528 Gallicus
560 4483 690 4545 nunnus,
714 4463 903 4546 cognomine
923 4461 1091 4550 Pindarus,
1111 4464 1224 4544 hymni
1236 4467 1353 4532 cantati
