3430 5554
880 724 920 785 12

385 908 446 971 Sed
481 909 566 992 quod
602 911 677 972 satis
712 914 834 972 certum
858 910 906 988 sit,
929 909 1049 972 trustra
1074 928 1200 990 quaero.
1226 909 1330 970 -In
1355 907 1460 978 verbis

342 1022 435 1084 modo
468 1023 660 1104 praegressis
691 1021 857 1084 Pindar.
882 1043 910 1106 p.
936 1024 963 1084 9.
987 1023 1207 1085 commendavi
1231 1021 1461 1085 nonnullorum

341 1133 495 1196 librorum
529 1134 696 1198 lectionem
720 1133 899 1204 atterimur
924 1142 954 1198 et
977 1135 1011 1197 P.
1037 1133 1088 1197 IX
1114 1137 1154 1197 58
1178 1135 1461 1198 onrniomcodinm

345 1247 534 1329 scripturam
558 1245 698 1326 κρατόςαν
721 1266 778 1330 pro
800 1245 977 1312 αἰδοιότατον
1001 1253 1031 1310 et
1052 1244 1194 1326 κροότιςον.

385 1469 424 1532 V.
449 1471 500 1533 31.
702 1475 859 1542 πνοιαῖς
882 1467 975 1533 ότιόεν
998 1467 1093 1550 Βορέα.
1169 1441 1186 1478 Ἰ

385 1581 529 1647 Pessime
562 1582 669 1666 Bergk
694 1583 854 1648 soloecum
878 1581 1030 1647 Dativum
1054 1603 1111 1666 pro
1134 1583 1244 1665 τνοιοῖς,
1267 1583 1354 1666 quod
1376 1602 1463 1646 unus

342 1694 436 1758 habet
470 1695 571 1759 codex
602 1696 758 1777 novicius,
789 1697 919 1760 retinuit
943 1695 982 1759 ob
1006 1695 1160 1759 librorum
1185 1695 1304 1759 scilicet
1327 1697 1463 1758 auotori-

341 1813 447 1871 tatem.
472 1806 571 1882 Quasi
604 1827 679 1872 vero
713 1829 779 1872 non
814 1813 996 1873 constanter
1024 1791 1051 1871 οἷ
1079 1791 1109 1872 αι
1144 1813 1174 1872 et
1204 1788 1292 1872 a-va
1326 1809 1463 1874 librariis

342 1921 581 1985 confundantur
603 1927 634 1986 et
656 1923 697 1986 sit
721 1922 786 1986 ulla
809 1922 843 1984 in
866 1922 916 1985 his
940 1922 1084 1986 minutiis
1108 1922 1262 1986 librorum
1282 1925 1461 1987 auctoritas.

387 2140 512 2224 Olymp.
530 2141 578 2204 IV
603 2143 644 2204 19
690 2141 720 2205 οὐ
744 2139 847 2218 ψεύδεϊ
863 2137 987 2218 τέγξω
1010 2139 1105 2218 λόγον.

386 2255 464 2319 Post
487 2261 688 2320 enumeratas
711 2257 840 2318 victoris
864 2257 999 2320 virtutes
1025 2257 1132 2340 potius
1155 2255 1378 2339 expectabam:

690 2368 720 2430 οὐ
744 2365 848 2446 ψεύδεϊ
866 2366 995 2446 τόρνου
1021 2367 1115 2445 λόγον.

388 2479 422 2544 O.
443 2479 492 2542 VI
512 2481 551 2542 21
578 2479 749 2560 μαρτυρήσω
770 2487 818 2544 est
852 2501 961 2545 nunc
994 2488 1032 2546 et
1067 2501 1225 2566 semper
1259 2483 1472 2567 testabor,¹

340 2613 446 2676 neque
480 2594 544 2656 buc
576 2596 712 2677 pertinet
747 2593 782 2657 Ο.
812 2594 885 2657 VII.
922 2595 963 2657 20
998 2594 1131 2668 ἐθελήσω,
1165 2597 1286 2666 dietum
1310 2602 1346 2660 ut
1369 2616 1462 2680 saepe

344 2704 540 2783 βουλήσομαι.
566 2705 610 2770 cf.
633 2707 660 2770 Ρ
668 2709 798 2771 indar.
820 2728 848 2790 p.
871 2707 920 2769 11.

387 2931 512 3017 Olymp.
537 2933 575 2996 V.
601 2935 618 2996 7
932 2929 980 2995 riu
1003 2931 1033 2995 δὲ
1057 2931 1140 3004 κῦδος
1167 2931 1285 3008 οἱβρδν

652 3043 783 3116 νικοόταις
807 3042 936 3116 datiana.

384 3158 416 3222 Ν
416 3158 492 3224 aber
513 3179 542 3242 p.
555 3159 595 3221 41
610 3179 656 3242 sq.
679 3206 694 3239 „
705 3157 856 3222 Potestne
869 3159 942 3240 quis
953 3158 987 3220 in
1001 3158 1227 3222 certaminibus
1239 3155 1362 3238 όραοόαι
1374 3159 1458 3231 κῦδος

341 3270 453 3350 οὶβρόνῗ
479 3270 651 3336 Credebam
671 3289 797 3333 ornnem
820 3268 972 3349 οὶβρότντα
990 3270 1028 3334 ab
1047 3271 1111 3335 illis
1131 3271 1216 3335 ludis
1235 3271 1329 3355 longe
1342 3272 1459 3336 abesse.

342 3383 395 3448 Sic
427 3389 534 3448 tamen
566 3384 590 3447 1.
625 3383 650 3446 I.
676 3384 717 3446 50
749 3388 779 3447 et
810 3382 845 3446 Ο.
868 3382 908 3446 V.
934 3385 961 3446 7.
986 3382 1132 3447 Dicerem
1156 3386 1224 3447 sine
1248 3386 1462 3448 controversia

341 3517 454 3562 verum
477 3516 546 3562 esse
570 3495 655 3567 κῦδος
678 3493 770 3575 οἱδρόν,
794 3497 850 3560 sed
873 3496 907 3559 id
926 3515 978 3560 me
997 3498 1111 3560 retinet
1131 3497 1216 3579 quod
1236 3498 1320 3580 apud
1340 3503 1462 3562 veteres

341 3616 449 3694 poetas
485 3611 675 3674 adiectivum
711 3628 775 3672 non
799 3608 951 3692 reperio.”
975 3609 1077 3673 Abest
1100 3629 1176 3674 sane
1199 3609 1238 3672 ab
1261 3612 1341 3694 ipsis
1365 3616 1463 3675 certa·
1561 3659 1568 3664 -

341 3723 484 3788 minibus
518 3719 654 3802 όβρότνς.
681 3723 737 3786 sed
760 3723 892 3785 minime
915 3721 1004 3786 abest
1028 3742 1046 3784 a
1069 3723 1170 3805 gloria
1192 3723 1330 3788 victoris.
1355 3722 1463 3804 Ἀβρός

341 3835 480 3900 Pindaro
504 3836 631 3919 saepius
651 3839 699 3899 est
728 3834 999 3918 splendidus,
1022 3834 1139 3899 felix.
1162 3834 1198 3899 P.
1222 3835 1273 3899 ΠΙ
1297 3836 1360 3898 110
1384 3837 1407 3899 εἰ
1430 3835 1462 3900 δὲ

341 3971 390 4026 μοι
424 3945 574 4024 πότμον
608 3947 667 4018 θεός
701 3945 820 4026 οὶβρδν
856 3944 958 4027 όρόξαι.
995 3947 1032 4011 Ρ.
1058 3947 1139 4011 VIII
1163 3950 1205 4012 88
1228 3946 1297 4034 ὅδὲ
1321 3949 1411 4014 καλόν
1433 3974 1461 4015 τι

341 4058 400 4125 νέον
430 4061 535 4138 λαχὼν
557 4056 779 4139 ἁβρότατος
803 4057 852 4122 ἐπὶ
877 4057 1018 4136 μενόλας
1041 4055 1074 4131 ἐξ
1096 4059 1215 4132 ἐλπίδος
1238 4059 1367 4125 πέταται
1392 4062 1461 4127 daro-

341 4172 452 4254 τιτὲροις
474 4171 611 4259 οὶνορεάις,
636 4172 691 4236 ubi
703 4178 786 4237 recte
799 4173 967 4240 scholiasta
978 4173 1136 4238 intellexit
1147 4173 1343 4251 εὐδαιμονίας,
1356 4195 1463 4261 neque

342 4288 433 4352 aliter
466 4287 607 4370 intelligo
639 4286 674 4350 P.
697 4285 749 4350 IX
779 4289 821 4350 34
852 4287 956 4362 Τρώων
978 4283 1064 4349 ἔλυσε
1086 4286 1193 4363 δόμους
1216 4285 1391 4367 οὶβρότατος.
1417 4289 1464 4352 Of.

343 4401 436 4465 etiam
460 4399 484 4462 I.
508 4399 590 4462 VIII
615 4401 665 4481 ll,
689 4398 745 4462 ubi
763 4401 915 4462 victoriae
926 4401 1103 4483 praemium
1118 4400 1207 4463 audit
1218 4399 1308 4479 οὶβρδς
1320 4399 1459 4480 μυρσίνας

343 4511 501 4593 στέφανος,
525 4519 555 4576 et
577 4513 614 4576 fr.
638 4512 680 4594 ΙΙ,
706 4513 733 4575 1.
756 4511 791 4576 Si
814 4513 892 4596 quid
914 4513 1103 4576 mutandum
1129 4513 1218 4595 foret,
1240 4515 1347 4597 potius
1366 4515 1463 4577 corri-
