3430 5554
707 1707 1062 1772 ADDENDA.

788 2022 981 2030 ————.

371 2261 423 2323 Ad
445 2279 515 2343 pag.
540 2261 568 2322 6.
592 2258 640 2323 Do
664 2256 741 2340 ὄφρα
765 2261 850 2343 apud
872 2260 1049 2324 Pindarum
1073 2263 1322 2326 consentientem
1346 2261 1447 2326 habeo

327 2391 493 2437 anmrum
516 2393 636 2452 wenna,
659 2372 806 2457 Beitrtige
827 2394 887 2437 zur
909 2373 992 2437 Hist.
1016 2372 1139 2454 Syntax
1160 2375 1215 2438 der
1235 2375 1288 2439 Gr.
1302 2375 1447 2459 Spraohe

328 2488 473 2570 herausg.
503 2506 532 2549 v.
559 2485 601 2549 M.
625 2485 748 2550 Schanz
772 2485 813 2568 Π,
837 2487 854 2548 i
879 2507 949 2570 pag.
975 2463 1024 2570 id.
1047 2486 1120 2550 Non
1142 2489 1244 2572 magis
1268 2489 1355 2573 apud
1376 2488 1448 2552 reii-

329 2619 410 2682 quos
433 2599 550 2680 lyricos
574 2600 771 2663 construitur
790 2618 864 2662 oum
887 2598 1004 2663 futuro.
1027 2599 1109 2663 Ibid.
1132 2619 1202 2683 pag.
1228 2600 1278 2662 76.

372 2785 424 2847 Ad
448 2783 573 2868 Olymp.
595 2783 646 2847 IX
670 2785 708 2847 77
724 2805 791 2867 sqq.
814 2783 878 2847 Pro
902 2788 1048 2867 suspecto
1071 2783 1168 2848 verbo
1191 2780 1359 2857 ταξιοῦσθαι
1385 2786 1448 2849 duo

329 2903 454 2961 tantum
476 2898 598 2980 reperio
621 2897 727 2978 verba,
752 2897 790 2960 de
813 2895 931 2978 quibus
956 2896 1187 2961 substituendis
1210 2903 1311 2961 metro
1332 2899 1449 2981 pariter

330 3017 361 3074 et
391 3011 565 3074 sententiae
596 3011 677 3092 aptis
701 3010 832 3092 eogitari
853 3010 961 3091 possit
985 3009 1132 3073 Alterum
1155 3014 1203 3073 est
1224 3009 1358 3073 verbum
1381 2990 1449 3072 Ηο-Ι

330 3123 485 3186 moricum
518 3120 774 3200 δαριᾶτθαι,
809 3120 883 3183 licet
916 3121 1021 3203 unico,
1055 3140 1118 3203 quo
1153 3121 1237 3204 apud
1272 3121 1448 3185 Pindarum

329 3237 493 3320 reperitur,
524 3235 592 3297 loeo
616 3232 654 3296 N.
678 3230 729 3295 XI
753 3232 793 3294 26
818 3237 966 3315 appareat
988 3231 1088 3296 forma
1111 3235 1222 3316 aotiva,
1244 3233 1378 3297 alterum
1401 3237 1449 3297 est

331 3349 537 3418 δαϊῶσαι,
569 3346 709 3410 Homero
739 3346 815 3409 item
846 3346 891 3426 (in
922 3345 1023 3408 forma
1045 3344 1165 3440 Ionioa)
1188 3347 1352 3427 usitatum,
1375 3366 1450 3410 enm

329 3462 490 3526 Pindarus
512 3464 635 3524 tantum
659 3463 793 3541 usurpet
815 3457 1007 3524 adieetivum
1030 3456 1108 3528 eata
1131 3458 1169 3521 N.
1189 3458 1237 3520 [V
1258 3461 1309 3522 38.
1321 3458 1386 3522 VII
1399 3461 1449 3521 28.

332 3576 515 3658 Utrumque
549 3572 682 3636 verbum
718 3591 737 3634 a
767 3571 881 3634 tradita
910 3571 1045 3635 lectione
1077 3591 1151 3635 oum
1173 3573 1270 3635 nimis
1292 3577 1451 3635 remotum

332 3691 382 3770 sit,
405 3685 621 3770 ampliandum
646 3702 767 3748 oenseo.
792 3721 834 3729 —
858 3682 938 3746 Cum
958 3683 1103 3766 analogia
1122 3683 1233 3748 saltem
1253 3703 1451 3768 nonpugna-

331 3805 380 3864 ret
400 3794 666 3871 ταξιασθαι,
691 3796 861 3859 formatum
884 3801 921 3859 ut
943 3794 1100 3874 δηριᾶσθαι.

374 3986 427 4049 Ad
453 3985 546 4065 Pyth.
569 3982 619 4045 HI
643 3983 683 4044 56
697 4001 743 4064 sq.
767 3980 919 4045 Similiter
941 3981 1036 4046 Iones
1059 3980 1180 4046 abiecta
1201 3983 1450 4065 reduplicatione

330 4092 393 4162 οἷκα
417 4098 568 4161 dixerunt
590 4114 646 4178 pro
670 4090 757 4157 ἔοικα.
783 4092 921 4156 Omnino
943 4095 1144 4158 retinendum
1168 4092 1314 4158 ἁλωκότα.

359 4282 468 4364 ,Ργτι
491 4281 539 4344 rr
563 4279 612 4342 ro.

466 4393 531 4463 τίς
555 4392 633 4472 γὰρ
656 4390 739 4470 ἀρχα
761 4388 896 4464 ’κδέξατο
920 4390 1080 4465 ναυτιλίας,

467 4504 512 4577 τίς
535 4503 566 4568 δὲ
587 4503 712 4576 κίνδυνος
735 4511 880 4585 κρατεροῖς
901 4502 1076 4582 ἀδάμαντος
1100 4503 1185 4577 δῆσεν
1207 4499 1304 4578 ninom
