3430 5554
766 704 808 770 27

251 893 375 958 Deinde
397 892 543 956 Heclrero
565 893 679 956 merito
703 896 886 975 suspectum
909 893 971 956 fuit
993 891 1222 970 μεγοολοκεοθής,
1244 893 1330 976 quod

208 1009 265 1072 vix
299 1005 478 1091 significare
510 1009 615 1088 potest
643 1007 870 1088 spatiosus.
900 1004 969 1070 Nec
991 1011 1098 1070 tamen
1119 1005 1219 1090 probo
1244 1005 1330 1090 quod

208 1121 343 1184 coniecit
362 1114 751 1197 μελοοοκεοθέεοοοο.
772 1117 947 1182 Pindarum
960 1118 1076 1202 plurali
1087 1138 1222 1182 numero
1235 1119 1328 1182 οοολοέ-

207 1255 280 1310 μοος
314 1251 470 1316 usurpare
501 1231 581 1295 solet
611 1230 650 1294 de
680 1231 872 1314 aedibus,
899 1233 1027 1296 nonde
1051 1231 1260 1328 cubiculo.
1285 1231 1330 1294 Of.

206 1343 241 1410 P.
264 1343 313 1408 IV
339 1343 410 1408 163.
433 1342 469 1407 0.
492 1341 557 1406 VII
580 1343 622 1406 29
645 1341 693 1426 (cf.
717 1338 749 1405 V
774 1342 835 1426 13),
860 1343 946 1427 quod
970 1345 999 1408 si
1021 1344 1073 1407 hic
1096 1363 1228 1428 quoque
1247 1343 1330 1425 fecit,

207 1457 420 1534 μελοοοκεοθής
443 1455 493 1538 (de
516 1455 665 1520 cubiculo
687 1457 746 1519 vix
768 1455 947 1538 ferendum)
966 1477 1097 1541 prorsus
1116 1458 1261 1539 ineptum
1274 1460 1329 1520 est.

205 1569 423 1652 Expcclamus
435 1569 596 1652 epitheton
616 1567 999 1645 μεγαλοκυδέεοσον,
1019 1569 1331 1652 inclytis,mag-

205 1680 373 1764 nificis,
403 1686 441 1744 ut
472 1685 521 1745 est
551 1680 636 1764 apud
656 1679 858 1745 Theocritum
882 1679 930 1744 Id.
952 1679 1061 1763 XVII,
1086 1681 1149 1744 108
1174 1681 1240 1744 θεῶν
1262 1681 1330 1761 ἔρο-

206 1790 343 1864 κυδὲος
386 1785 462 1856 οἶκοι.
506 1793 605 1857 Amat
642 1799 748 1856 autem
783 1793 944 1858 Pindarus
979 1793 1240 1878 compositionem
1274 1813 1332 1878 per

209 1886 336 1983 ptr—yffi
369 1904 413 1969 Of.
444 1905 657 1982 μεγαλόπολις,
682 1905 911 1982 popularitatis,
936 1901 1146 1983 μεγολῶοξος,
1171 1915 1330 1982 amalan-

209 2017 280 2096 χής,
303 2017 491 2096 perentam,
515 2015 703 2096 μεγαλάνωρ.
727 2053 770 2064 --
792 2016 832 2081 In
857 2019 1011 2101 proximis
1034 2023 1110 2082 nota
1137 2018 1331 2102 singularem

213 2151 309 2198 usum
332 2129 421 2195 verbi
443 2130 541 2217 medii
563 2129 695 2209 ἐπειρᾶτο
717 2149 774 2214 pro
797 2149 834 2194 eo
859 2131 945 2215 quod
970 2132 1033 2195 dici
1056 2131 1136 2196 solet
1157 2128 1263 2209 ἐπείροο.

253 2351 294 2416 V.
317 2353 369 2416 41.
392 2351 422 2415 ἕν
445 2351 472 2416 δ’
495 2349 653 2432 ἀφύκτοισι
676 2349 844 2429 γυιοπέδαις
867 2351 976 2415 ascolo.

255 2465 447 2529 Praesertim
469 2465 504 2528 in
526 2465 657 2529 Aeolica
680 2466 820 2528 carmine
839 2465 887 2548 (cf.
908 2466 948 2528 91
970 2464 999 2528 ἕν
1011 2463 1183 2529 Αἰολίδεσσι
1194 2461 1331 2548 χορδαῖς)

208 2580 387 2643 necessario
411 2578 635 2662 corrigendum
659 2581 707 2641 est
729 2577 846 2650 πεΤώο,
871 2597 935 2661 qua
957 2579 1115 2661 participii
1137 2577 1239 2640 forma
1258 2595 1333 2640 con·

209 2696 329 2756 stanter
358 2711 439 2755 usus
470 2695 517 2754 est
539 2689 708 2753 Pindarus.
734 2688 788 2752 off.
811 2689 847 2753 P.
870 2689 901 2752 V
926 2690 976 2753 50.
999 2689 1038 2752 N.
1062 2689 1110 2752 IV
1134 2690 1185 2751 41.
1210 2687 1246 2752 Ο.
1267 2688 1333 2752 VH

210 2804 262 2886 69,
292 2802 348 2868 ubi
380 2803 483 2867 eidem
515 2803 615 2866 errori
638 2800 772 2865 debetur
794 2804 882 2864 varia
903 2802 996 2866 lectio
1019 2800 1155 2864 πέΟοοοοο
1181 2800 1225 2864 of.
1249 2801 1334 2865 infra

211 2917 252 2980 ad
273 2916 298 2979 I.
321 2916 370 2979 IV
394 2917 444 2979 35.
467 2915 507 2978 ln
529 2915 663 2997 reliquis
684 2914 795 2978 formis
818 2909 929 2986 ἔπεσεν,
953 2911 1035 2986 πέσε,
1060 2911 1196 2991 πέσωμεν
1220 2913 1331 2978 eadem

211 3030 389 3094 constantia
416 3033 546 3112 apparet
579 3036 616 3100 Σ,
640 3031 833 3111 quapropter
855 3031 1041 3111 suspectum
1063 3027 1143 3090 mihi
1165 3031 1215 3092 est
1235 3023 1332 3104 ἔμπε-

211 3142 272 3214 'ra
295 3142 330 3206 Ρ.
353 3136 437 3204 VIII
458 3142 509 3204 81.

254 3362 294 3426 V.
317 3363 368 3427 56.
391 3363 424 3426 τὸ
446 3369 581 3426 πλουτεῖν
604 3361 635 3426 δὲ
657 3360 710 3425 σὺν
731 3359 817 3444 τύχοι
838 3359 956 3438 πότμου
978 3361 1087 3443 οοφίοος
1109 3359 1212 3441 ἄροςον.

254 3473 390 3561 creager,
410 3478 467 3559 qui
484 3477 724 3560 corruptissima
743 3494 889 3558 quaeque
901 3494 1003 3559 aequo
1015 3477 1122 3538 animo
1135 3493 1334 3558 concoquere

210 3588 335 3670 assolet,
357 3589 520 3652 contendit
542 3589 621 3653 haec
638 3587 736 3652 verba
754 3581 933 3671 significare
954 3589 1067 3669 „reich
1087 3605 1127 3652 nu
1142 3589 1211 3652 sein
1226 3587 1334 3651 indem

211 3703 304 3766 einen
327 3701 474 3785 augleich
494 3702 550 3765 das
562 3700 631 3765 loos
643 3702 699 3765 der
711 3701 854 3764 weisheit
866 3721 908 3764 zu
920 3701 997 3764 theil
1009 3701 1089 3764 wird
1100 3702 1143 3765 ist
1155 3701 1212 3764 das
1223 3698 1334 3764 beste”

212 3819 243 3878 et
265 3811 380 3890 ποτμον
401 3813 509 3893 coelae
532 3831 631 3878 unam
649 3832 720 3878 esse
741 3814 903 3877 notionem
923 3811 1249 3896 suspensamarzlxp.
1264 3811 1335 3875 Gri-

211 3927 311 4011 phum
333 3946 411 3991 sane
434 3929 462 3990 si
483 3933 577 4011 poeta
599 3926 799 3991 auditoribus
823 3928 890 3990 suis
912 3933 946 3990 et
967 3927 1140 3990 lectoribus
1160 3941 1336 4010 proponere

212 4040 378 4122 voluisset,
398 4060 464 4103 non
485 4042 643 4124 potuisset
666 4041 782 4104 melius
805 4039 963 4103 occultare
987 4041 1186 4122 sententiam,
1199 4039 1255 4104 sed
1268 4057 1335 4102 rec

213 4155 336 4218 tissime
365 4151 471 4236 Bergk
500 4153 607 4217 locum
632 4154 838 4237 depravatum
862 4171 932 4216 esse
955 4151 1122 4235 intellexit,
1145 4154 1334 4218 existimans

212 4287 287 4331 cum
310 4267 443 4350 reliquis
465 4266 531 4330 fere
553 4266 780 4350 interpretibus
802 4270 927 4349 poetam
953 4266 1066 4349 dicere,
1087 4269 1243 4350 optimum
1256 4285 1336 4348 esse,

213 4382 242 4445 si
272 4381 344 4463 quis
376 4381 564 4463 sapientiam
587 4397 662 4443 cum
685 4379 800 4462 opibus
824 4379 1006 4462 coniungat.
1029 4375 1123 4443 Hanc
1146 4380 1336 4444 sententiam

213 4493 373 4558 Pindarus
395 4493 441 4556 sic
464 4493 623 4576 expressit
645 4493 680 4554 in
702 4471 838 4572 Pythiae
860 4491 992 4574 quintae
1015 4491 1124 4554 initio:
