3430 5554
913 675 955 738 46

417 857 456 922 V.
482 859 532 922 50.
555 856 608 922 κάὶ
630 856 688 938 γάρ
712 857 793 922 ωὐτά
815 857 925 931 recoli,
950 856 1085 931 ἄπεπλος
1107 856 1247 938 δράκαιν’
1267 859 1328 925 άπὸ
1351 864 1495 940 ςρωμνάς,
1558 888 1560 890 ·

832 968 850 1035 ά
858 995 938 1049 μως
961 969 1072 1049 άμννεν
1095 969 1175 1052 ὕβριν
1198 973 1362 1037 κνωδάλων.

420 1083 535 1162 Ὅμως,
559 1086 645 1168 qued
672 1085 758 1150 dedit
781 1084 894 1168 Christ,
918 1092 1028 1170 aptum
1051 1106 1117 1150 non
1143 1092 1199 1169 est,
1219 1088 1275 1151 sed
1298 1084 1386 1164 ὅμως,
1412 1089 1499 1173 qued

376 1217 453 1263 sane
475 1197 536 1262 fert
557 1200 722 1281 sententia,
747 1198 891 1263 additum
915 1218 966 1264 me
980 1188 1096 1264 'iudice
1117 1200 1256 1284 languet.
1280 1199 1391 1264 Malim
1415 1206 1498 1266 certe

376 1311 487 1376 deletis
511 1311 665 1396 virgulis:

563 1421 615 1487 κνά
634 1423 692 1505 γάρ
712 1421 794 1489 νύνά
812 1422 953 1489 παισὶν
973 1421 1107 1498 ἄπεπλος
1125 1423 1265 1505 ὀρνάσνωω
1282 1425 1343 1491 άπὸ
1363 1431 1498 1508 ςρωμνάς

862 1537 942 1610 ἑοῖς
964 1534 1075 1615 ἄμυνεν
1097 1537 1178 1616 ὑβρνν
1201 1535 1365 1604 κνωδάλων.

419 1649 468 1716 De
486 1648 586 1714 παισίν
607 1670 664 1735 pro
684 1648 786 1714 ποσσίν
806 1652 954 1716 restituto
974 1650 1142 1736 aBergkio
1154 1671 1286 1736 prorsus
1299 1672 1364 1716 nen
1377 1653 1498 1719 dubito.

411 1847 511 1915 Nem.
538 1848 589 1913 ΠΙ
613 1850 664 1913 19.

533 1955 534 1960 ἵ
565 1964 590 2029 εἶ
611 1963 638 2028 δ’
662 1964 714 2028 ἐὼν
736 1963 828 2037 κωλδς
850 1961 949 2046 ἔρδει
971 1963 1135 2031 ἙεἙωκάτά
1158 1972 1272 2051 μορφᾷ,

565 2077 694 2158 άννρένωρ
723 2074 899 2158 ὑπερτάταις
928 2077 1027 2157 ἐπέβω
1049 2086 1120 2153 nair
1143 2078 1365 2162 Ἀρνςνφάνενς.
1391 2079 1500 2148 Οὐκέτι

565 2189 690 2269 άβάτων
708 2187 771 2256 άλω
788 2191 884 2256 κιόνων
905 2191 973 2273 ὑπὲρ
987 2191 1145 2273 Ἡρωκλένς
1157 2196 1247 2275 ννεράν
1259 2192 1497 2276 εὐμάρὲρπρόσω.

421 2303 528 2398 Vulgo
552 2305 657 2370 editur
680 2301 764 2386 ἔρδων
786 2304 825 2378 τ’,
850 2307 952 2390 posita
975 2307 1100 2391 virgula
1120 2313 1191 2392 pest
1210 2306 1424 2389 Ἀρνςνφάνενς
1443 2328 1500 2393 pre

377 2413 496 2503 punete
528 2423 559 2483 et
588 2419 707 2482 emissa
735 2423 807 2502 pest
829 2421 941 2500 μορφᾷ.
968 2416 1056 2493 Quae
1079 2421 1237 2505 scriptura
1259 2440 1318 2485 eur
1338 2421 1414 2486 ferri
1436 2441 1501 2486 nen

378 2534 487 2618 possit.
509 2534 645 2618 exposui
668 2532 783 2597 Pind.
808 2534 859 2596 25.
883 2534 935 2597 Ad
958 2539 1153 2599 structuram
1176 2535 1213 2599 ef.
1237 2533 1276 2599 N.
1299 2535 1348 2599 IV
1372 2536 1423 2600 69.

424 2719 463 2785 V.
488 2722 539 2786 32.
961 2727 1122 2785 κάλωνωῖσν
1144 2720 1171 2785 δ’
1193 2720 1222 2785 ἕν
1246 2721 1367 2803 άρετωῖρ

569 2839 729 2904 ΓΕΓΑΘΕ
760 2830 875 2906 Πνλεὺς
904 2828 991 2907 άνμξ,
1015 2841 1214 2899 ΤΠΕΡωλλνν
1238 2833 1360 2914 νάχμάν
1381 2831 1497 2911 τωμνὸν.

425 2948 601 3015 Sententia:
635 2947 676 3010 In
710 2948 750 3011 iis
786 2966 869 3032 quae
901 2949 1080 3032 antiquitus
1114 2949 1275 3033 praeclare
1304 2952 1394 3033 gesta
1424 2953 1501 3013 sunt

381 3062 526 3147 splendet
547 3061 673 3126 Peleus.
698 3058 804 3135 Quare
826 3061 967 3125 correxi:

931 3173 935 3182 ’
967 3181 1127 3240 uenerator
1150 3174 1177 3239 δ’
1200 3174 1230 3239 ἕν
1252 3174 1370 3255 άρετωῖρ

569 3295 780 3354 ΛΕΛΑΜΠΕ
802 3287 919 3363 Πηλεὺς
937 3285 1024 3363 άνωξ,
1044 3297 1229 3353 ΠΕΡΙωλλνν
1248 3286 1368 3368 ωἶχμάν
1387 3286 1499 3366 τκμάν.

425 3403 478 3468 Ad
511 3400 666 3484 νερίωλλνν
697 3403 734 3468 ef.
767 3402 802 3467 P.
833 3401 884 3465 XI
915 3404 944 3466 8.
974 3401 1100 3466 Pind.
1126 3404 1176 3466 25.
1199 3402 1322 3488 Fragm.
1349 3403 1430 3466 172:
1455 3401 1502 3466 Οὐ

383 3515 494 3591 Πηλέος
517 3515 645 3580 άντνάένν
669 3516 791 3596 μόχθοις
815 3512 915 3587 νεότως
938 3513 1166 3596 ἔνέλάμψεν
1189 3515 1313 3598 μνρίωςρ
1432 3577 1434 3582 .

427 3701 466 3765 V.
490 3703 541 3766 43.
564 3698 666 3775 ξκνθδς
686 3699 712 3765 δ’
732 3699 877 3780 Ἀχιλεὺς
896 3698 937 3764 τά
959 3701 1030 3780 μὲν
1054 3699 1177 3778 μένων
1201 3699 1328 3782 Φιλάρωρ
1347 3702 1376 3766 ἐν
1395 3700 1503 3780 δόμων,

571 3821 645 3887 ναῖς
668 3815 719 3879 ε’ὼν
742 3812 825 3896 άάνρε
848 3811 974 3892 μεγάλω
996 3811 1078 3894 ἔργω·
1101 3815 1163 3880 κτὲ.

428 3919 533 3994 Leeus
566 3930 701 4013 turpiter
734 3929 951 4013 interpolatus,¹
981 3949 1057 3992 nam
1086 3948 1192 4013 neque
1221 3927 1261 3992 τά
1285 3925 1339 4005 μὲν
1363 3929 1505 4012 intellegi

385 4048 498 4128 petest,
520 4061 625 4127 neque
641 4118 644 4123 ,
656 4040 750 4119 μένων
772 4040 951 4126 significare
974 4045 1086 4126 potest,
1109 4042 1195 4126 quod
1218 4045 1331 4126 putant
1352 4043 1505 4125 interpre-

385 4163 442 4241 tes
466 4157 658 4241 degere,
680 4176 746 4220 non
768 4157 871 4240 magis
895 4175 991 4238 quam
1010 4153 1122 4220 Latine
1142 4175 1178 4220 eo
1199 4174 1297 4220 sensu
1316 4173 1504 4220 manens

386 4271 449 4334 diei
471 4275 581 4355 potest
601 4269 739 4355 Utrique
761 4269 844 4332 male
868 4274 905 4333 ut
929 4288 1124 4352 sueeurram,
1146 4287 1304 4352 propone:
1376 4307 1378 4312 ·

574 4380 676 4458 ξανθὸς
697 4382 724 4446 δ’
749 4381 893 4461 Ἀχιλεὺς
915 4380 956 4445 τά
978 4380 1130 4460 μάνάων
1154 4379 1280 4461 Φιλύρας
1303 4381 1333 4445 ἔν
1356 4377 1454 4460 δάμωρ

574 4501 645 4567 nats
667 4494 719 4558 ε’ἓνν
741 4491 824 4575 άάνρε
846 4491 971 4572 μεγάλαν
993 4491 1076 4574 ἔργω.
