3430 5554
765 681 807 744 47

223 867 282 932 hac
305 867 478 932 sententia:
513 863 688 930 Flavus
719 869 872 929 autem
894 865 1248 930 thilleehaeo
1271 866 1348 946 (soil.

223 1001 318 1065 quam
353 998 428 1044 vora
457 980 523 1042 sint
555 993 638 1062 quae
661 978 755 1041 modo
780 977 859 1059 dixi,
880 978 1057 1060 ingenitam
1081 979 1231 1044 virtutem
1253 976 1349 1061 longe
1459 965 1462 970 ¹

224 1111 375 1177 superare
398 1092 585 1171 doctrinam)
612 1091 893 1172 ostendenS,
916 1089 1142 1172 Philyrae
1163 1092 1208 1154 in
1232 1092 1350 1156 aedi·

222 1205 307 1269 bus
351 1223 465 1289 puer
499 1224 594 1268 oum
630 1208 747 1286 orat,
781 1204 951 1268 ludens
987 1223 1147 1288 magna
1180 1203 1349 1270 edebat

222 1318 241 1380 s
251 1338 270 1382 a
282 1337 300 1382 c
311 1319 323 1380 i
334 1337 356 1380 n
369 1337 388 1381 o
400 1337 417 1380 r
428 1337 454 1380 a.
476 1313 607 1380 Μοινάειν
630 1315 769 1380 Pindaro
792 1320 841 1380 est
864 1313 979 1389 δηλοῦν.

266 1551 305 1615 V.
329 1552 380 1614 47.
714 1549 846 1628 σάμοισοι
868 1548 900 1614 δὲ
923 1548 1006 1631 ποορά
1029 1550 1169 1633 Κρονέδοον

411 1661 569 1743 Κένταυρον
591 1662 868 1740 ἀσθμαίνοντα
890 1660 979 1745 νέμιζ
1011 1713 1019 1729 .

267 1776 338 1853 Quo
361 1797 460 1842 sensu
481 1779 670 1862 interpretes
690 1778 784 1842 hodie
800 1778 908 1842 looum
928 1779 1128 1864 intellegunt,
1141 1777 1347 1844 scribendum

224 1890 328 1956 fuerat
350 1888 603 1971 ἀσποιίρονσοι.
625 1890 687 1955 Sed
703 1891 799 1976 longe
817 1891 960 1976 praefero
973 1891 1166 1959 Scholiastae
1176 1894 1346 1959 tentionem

220 2003 449 2083 ἀσθμαίνων
484 2001 682 2083 ἐκόμιζεν,
716 2006 803 2090 quod
833 2005 965 2090 pulchre
997 2010 1028 2070 et
1049 2007 1199 2090 graphice
1223 2007 1344 2071 dictum

220 2122 269 2182 est
292 2117 331 2182 de
353 2119 553 2182 sexenni
576 2136 736 2202 puero,
756 2117 1263 2203 quimagnabeluarnmoorpora
1282 2139 1348 2182 an-

219 2231 387 2296 helans
409 2237 513 2315 portat
536 2232 576 2295 ad
598 2229 776 2296 Chironem.

265 2453 305 2516 V.
331 2453 380 2515 76.
825 2452 883 2530 ἐγὼ
906 2451 972 2517 raia
994 2475 1037 2518 σοι

411 2563 522 2643 πέμπω
544 2563 730 2644 μεμιγμένον
753 2563 823 2642 μέλι
846 2567 938 2647 λενιιῷ

410 2678 462 2742 σὺν
484 2676 627 2757 γάλοικσι,
651 2678 809 2760 ιιιρνοιμένοι
832 2677 860 2744 δ’
885 2676 956 2761 έερσ’
981 2679 1130 2759 ἀμφέπει,

408 2792 512 2856 ΠΟΜ’
536 2790 673 2888 ἀοέδιμον
696 2792 833 2873 Αἰολῇσιν
856 2793 886 2856 έν
910 2801 1043 2858 πνοοιῖσιν
1066 2794 1173 2859 οιύλάν.

263 2907 469 2973 substantivo
486 2900 586 2986 ‘'irpaa
621 2908 651 2988 (i.
675 2926 701 2971 e.
733 2904 840 2989 δρόσος)
871 2909 938 2971 rim
969 2908 1117 2973 tribuunt
1140 2929 1238 2994 qnam
1261 2929 1346 2974 nun·

220 3041 317 3105 quam
340 3018 460 3103 habuit,
487 3040 571 3104 spu
584 3040 616 3084 m
630 3040 648 3083 a
660 3039 692 3083 m
716 3019 746 3100 (i.
766 3039 791 3084 e.
810 3017 914 3106 ἀφρόν)
935 3021 1132 3106 interpretati
1145 3027 1176 3088 ot
1187 3024 1346 3087 novitium
1389 3083 1390 3086 ,

218 3132 306 3211 πδμοο
335 3152 392 3219 pro
424 3135 518 3211 πῶμοο
546 3134 643 3198 nimis
674 3134 830 3217 patienter
851 3133 967 3198 ferunt
990 3132 1103 3200 Deleta
1126 3135 1252 3221 virgula
1275 3140 1347 3221 poet

215 3243 353 3328 ἀμφέπει
378 3248 520 3331 corrigo:

730 3356 889 3440 κιρνοιμένοι
912 3358 939 3422 δ’
964 3339 1036 3440 έερσ’
1059 3357 1198 3441 ἀμφέπει

405 3472 471 3538 τὸν
492 3471 629 3554 ἀοίδιμον
651 3472 790 3554 Αἰολῇσιν
814 3473 843 3536 έν
867 3479 1001 3538 πνοοιῖσιν
1024 3474 1130 3538 οιάλάν.

220 3587 299 3670 qui
332 3587 400 3668 (sio)
438 3592 735 3671 temperatus
768 3587 933 3673 liquor
966 3589 1166 3652 honorat
1196 3581 1346 3654 virum

219 3700 397 3764 clarum
428 3700 603 3782 (viatorem)
633 3700 854 3765 Aeoliois
878 3700 1106 3765 tibiarum
1129 3700 1347 3768 flatibus.

217 3813 270 3877 Ad
303 3810 458 3893 ἀμφέπειν
492 3813 530 3876 of.
563 3811 599 3877 Ο.
630 3812 679 3876 Ἦ
709 3813 760 3876 61.
793 3811 827 3878 Si
860 3814 932 3897 quis
961 3813 1041 3878 forte
1064 3814 1248 3898 praetulerit
1270 3813 1345 3880 πόδ’

216 3925 360 4005 ἀοίδιμον,
382 3928 559 3992 alarum
583 3927 666 3992 hoo
688 3926 911 4005 tacimus,
932 3946 989 4012 per
1007 3927 1345 3999 melioet.Pind.26.

261 4149 352 4219 Nem.
376 4148 426 4213 IV
450 4151 500 4216 36.
602 4209 607 4217 .

404 4260 500 4342 έμποο,
523 4259 619 4344 κεῖπερ
642 4259 707 4342 ἔχει
731 4260 840 4340 &atrio
864 4259 985 4334 πονπιάς
1007 4259 1097 4340 ἀλμιν

405 4376 573 4456 μέσσον,
596 4375 731 4441 ἀντίτειν’
755 4375 905 4460 εὐβουλίᾳ·
928 4373 1043 4457 σΦάδροο
1056 4372 1188 4470 Ιδόξομεν

404 4490 491 4558 δοιΐοιν
514 4489 654 4571 ὑπέρτεροι
680 4491 710 4554 ἐν
734 4488 806 4572 φάει
830 4488 1031 4567 κοισοιβοιίνειν.
