3430 5554
801 683 819 744 9
839 681 841 692 .

294 863 417 948 Olymp.
452 863 485 926 Π
522 865 571 927 19.
602 865 722 926 ἐσλῶν
758 863 815 943 γάρ
849 863 904 928 ὑπὸ
937 862 1104 944 χοορμάτοον
1134 869 1225 940 πῆμοο
1255 860 1369 928 θνάσκει

252 976 291 1061 (Ι.
315 977 447 1063 όνρίσκεο)
473 976 652 1055 παλίγκοτον
675 976 836 1055 ὁοομοοσόὲν.

293 1102 399 1168 Naber
433 1103 555 1167 mavult
577 1103 678 1182 ἐσθλῷ,
701 1123 767 1166 nen
791 1123 857 1186 ego.
878 1103 960 1166 Nam
981 1122 1045 1166 non
1065 1123 1159 1167 omne
1177 1103 1367 1186 gaudiorum

247 1236 350 1302 genus
372 1219 405 1281 id
428 1216 531 1299 habet,
554 1223 591 1281 ut
614 1217 800 1280 calamitatis
820 1217 957 1280 adducat
976 1215 1178 1298 oblivionem,
1191 1236 1288 1298 quam
1301 1235 1369 1280 rem
1424 1245 1425 1250 ¹

248 1330 393 1394 hemines
417 1330 559 1412 quotidie
580 1331 738 1412 docemur,
751 1330 806 1395 sed
821 1307 1041 1394 tantummodo
1054 1329 1181 1393 ε’σλῶν
1202 1326 1370 1408 χαρμάτων

247 1443 307 1506 hee
329 1444 492 1528 proprium
515 1449 571 1508 est.

291 1690 348 1756 Vs.
373 1693 424 1755 30.
613 1717 616 1722 ·
781 1684 841 1764 ἦτον
865 1690 1007 1772 βροτῶν
1030 1713 1067 1767 χε
1090 1687 1215 1769 κε’κροτοοο

448 1809 550 1883 πεῖροος
573 1801 606 1868 οό
627 1827 655 1866 το
678 1801 803 1867 όοονάτον

450 1916 507 1982 οὐδ’
532 1914 682 1995 οὸσόχομον
706 1915 818 1996 οὸμέροον
842 1914 958 1979 ὁπότε
980 1915 1063 1980 παῖδ’
1087 1913 1185 1979 άελόον

448 2029 553 2108 άτεορεῑ
573 2027 625 2091 σὺν
647 2028 751 2108 aaut&
774 2027 999 2105 τελευτάσομεν.

298 2165 379 2231 Cum
402 2165 528 2230 Naberc
552 2167 604 2230 hic
625 2167 733 2230 malim
758 2164 896 2246 βροτῷ,
918 2167 1032 2232 deinde
1053 2168 1166 2232 melius
1187 2165 1372 2230 haecverba
1400 2193 1404 2206 ·

252 2280 443 2363 intellegam,
475 2281 502 2344 si
532 2300 590 2363 pre
619 2276 706 2343 ὁπότε
734 2283 935 2364 rescripseris
968 2278 1130 2360 πότεροι
1154 2299 1227 2344 nec
1250 2280 1372 2344 nobis

250 2398 422 2457 constat
465 2398 601 2457 utrum
636 2393 740 2458 selis
772 2395 910 2458 filium
946 2394 1052 2458 diem
1086 2393 1370 2477 tranquillum

249 2508 509 2570 intemerata
537 2506 752 2570 felicitate
773 2477 902 2570 finire
926 2508 1160 2589 contingat,
1190 2507 1250 2570 ie.
1280 2525 1372 2570 mane

250 2621 412 2684 nescimus
436 2638 476 2682 an
490 2619 530 2682 ad
542 2638 707 2702 vesperam
719 2619 928 2703 perduratura
940 2621 981 2683 sit
992 2619 1133 2682 felicitas.
1145 2618 1273 2683 Etenim
1284 2617 1371 2682 ὁπότε

251 2734 279 2797 si
312 2733 458 2816 legimus,
492 2752 567 2796 cum
590 2732 640 2796 bis
663 2733 747 2796 idem
768 2739 860 2816 poeta
883 2734 972 2815 dixit,
996 2738 1065 2797 tum
1090 2734 1168 2796 mire
1192 2733 1280 2796 selus
1305 2732 1371 2796 dies

251 2846 385 2910 ultimus
408 2851 482 2917 ποοῖς
506 2843 600 2918 ἠελίου
624 2846 721 2910 audit.
741 2844 933 2924 Ἀμφίβολον
953 2843 994 2927 δέ,
1014 2847 1057 2910 ait
1076 2851 1169 2910 vetus
1188 2844 1372 2929 Scholiasta,

252 2957 367 3038 πότερον
397 2957 477 3038 οοὸτῷ
507 2955 631 3034 ὁλόγος
655 2955 707 3020 aul
730 2955 778 3019 ἐπὶ
800 2960 850 3020 τοῦ
876 2954 1010 3021 όοονάτον·
1036 2956 1099 3020 οὐδὲ
1122 2955 1208 3020 ὁπότε
1230 2956 1370 3031 τελευτά-

253 3094 342 3149 σομεν
364 3071 418 3143 τὴν
442 3068 576 3149 ἐσχάτην
599 3068 720 3149 ἧμὲροον·
743 3066 759 3142 ἢ
784 3067 826 3133 ότο
849 3068 995 3149 άόορόβως
1018 3071 1046 3133 ἐν
1069 3069 1109 3149 τῷ
1129 3075 1180 3134 τοῦ
1200 3067 1253 3149 ζῆν
1268 3068 1371 3150 χρόνῳ·

253 3181 324 3249 οὕτω
349 3184 380 3248 δὲ
402 3183 455 3248 aul
479 3182 656 3263 ’Λρίςοορχος
680 3179 786 3246 άκοόεο.
807 3181 878 3258 Qua
897 3183 1089 3267 amphibolia
1101 3185 1252 3268 rescripto
1265 3180 1372 3262 πότεροο

252 3297 433 3361 liberamur.
453 3296 599 3380 Elliptice
620 3314 712 3378 saepe
732 3297 857 3378 πότερον,
875 3301 913 3358 ut
931 3294 1082 3358 Latinum
1108 3287 1256 3377 utrum,
1278 3316 1373 3359 usur-

253 3412 322 3495 pari
351 3430 445 3474 neme
476 3411 639 3474 docendus
671 3414 727 3473 est.
757 3407 851 3472 Hanc
872 3410 1087 3473 coniecturam
1110 3410 1174 3472 iam
1198 3408 1316 3492 protuli
1337 3411 1373 3472 in

252 3523 709 3588 Animadversionibus
729 3522 1372 3607 philoladTheognidema.1870

251 3637 330 3720 Trai.
355 3658 381 3701 a.
403 3637 462 3700 Rh.
487 3658 535 3720 ap.
557 3636 678 3718 Beyers
701 3656 729 3720 p.
756 3637 805 3698 75.

296 3884 336 3980 V.
359 3886 411 3949 43.
436 3882 533 3955 νέοος
557 3885 586 3947 ἐν
608 3881 720 3956 altura
744 3922 786 3932 —-
809 3884 981 3961 τιμώμενος.

299 4022 462 4086 Pindar.
493 4023 512 4084 8
534 4021 597 4104 legi
618 4023 700 4085 iussi
724 4018 829 4092 νέων,
854 4021 987 4085 eandem
1012 4021 1166 4084 rationem
1191 4020 1252 4084 leci
1278 4019 1374 4084 Euri·

254 4138 339 4220 pidei
372 4135 453 4199 Med.
485 4136 527 4198 48
562 4154 631 4198 esse
660 4141 745 4199 recte
773 4155 902 4218 negans.
926 4133 1049 4197 Ibidem
1073 4154 1102 4196 v.
1128 4133 1169 4196 56
1193 4125 1376 4198 coniecisti

255 4254 341 4333 (cum
375 4249 652 4330 Rauchensteinio)
686 4249 717 4312 δὲ
748 4271 787 4312 νον
817 4245 894 4327 ἔχων
925 4271 969 4319 τις
1000 4225 1101 4313 οἴσετ’
1125 4247 1158 4311 τὸ
1189 4246 1308 4325 μέλλον,
1333 4244 1377 4312 ότι

254 4365 326 4436 ari„
343 4363 452 4428 illud
478 4364 549 4445 qui
572 4363 695 4427 habet
718 4381 848 4446 aequo
873 4363 1009 4425 animo
1032 4361 1142 4425 feret
1163 4361 1377 4444 futurum,

254 4479 274 4542 i.
287 4497 313 4540 e.
337 4478 448 4540 mortis
469 4475 638 4539 formidine
663 4494 728 4538 nen
751 4473 930 4558 agitabitur,
954 4474 1064 4557 quod
1087 4479 1157 4538 cett
1181 4473 1220 4537 V.
1241 4473 1283 4538 62
1303 4493 1375 4558 pre-
