3430 5554
893 713 932 775 10

352 898 465 963 babent
490 897 643 982 Madvigii
662 901 876 963 coniecturam
888 897 983 960 κείναν
996 918 1052 981 pre
1064 897 1166 981 κεινάν,
1179 900 1342 982 repudiate
1355 897 1470 978 ἔγχεος,

354 1013 441 1094 quod
461 1032 517 1096 pre
542 1013 569 1074 ἐν
593 1011 677 1091 χερός
699 1011 866 1076 infeliciter
889 1011 1041 1075 substitui
1065 1014 1160 1076 iussit
1182 1012 1289 1096 Bergk
1308 1019 1338 1077 et
1348 1017 1427 1098 (pag.
1442 1017 1471 1096 9)

354 1147 383 1187 v.
407 1127 447 1188 87
472 1123 596 1205 γαρύετε
619 1127 740 1189 conieci
762 1145 821 1209 pre
844 1122 990 1204 γαρθετον.

396 1359 435 1422 V.
460 1360 510 1421 67.
533 1360 631 1442 Apud
654 1359 772 1422 inferes
796 1357 961 1438 ἀπονέςερον
981 1356 1060 1422 ε’σλοὶ
1073 1356 1204 1422 δέκονται
1215 1358 1322 1436 βίοτον·
1334 1361 1366 1423 οὐ
1377 1357 1472 1438 χθὸνα

353 1469 620 1551 ταράσσοντες
645 1473 673 1534 έν
693 1471 778 1551 χερὸς
798 1471 886 1551 ἀκμᾷ
902 1470 904 1476 ’
919 1469 983 1534 οὐδὲ
1006 1469 1118 1534 πὸντιον
1141 1469 1222 1552 ὕδωρ.
1235 1472 1392 1557 Equidem
1407 1494 1472 1537 nen

352 1585 445 1648 video
479 1605 537 1647 eur
570 1603 644 1647 eum
678 1582 803 1648 Nubere
837 1603 1028 1667 reponamus
1063 1581 1274 1667 χαράσσοντες,
1307 1607 1382 1650 nam
1415 1607 1472 1670 pro

351 1696 551 1760 turbandi
583 1696 680 1760 verbo
715 1697 850 1760 militare
881 1697 959 1759 mihi
990 1697 1116 1760 videtur
1144 1697 1172 1758 έν
1196 1697 1309 1775 χερὸς
1331 1699 1419 1780 ἀκμρῐ
1443 1705 1474 1762 et

352 1812 408 1892 qui
446 1811 617 1893 opponitur
650 1807 817 1888 ἀπονέςερος
855 1808 1018 1872 beatorum
1052 1807 1157 1885 βίοτος.
1194 1810 1309 1874 Melius
1339 1811 1473 1876 fortasse

353 1921 460 2005 Bergk
495 1925 657 2001 χαράσσειν
692 1921 857 1985 substituit
890 1920 924 1984 P.
959 1921 1011 1984 XI
1044 1922 1085 1983 47
1121 1919 1233 2002 parav,
1267 1922 1323 1984 ὑπ’
1353 1920 1473 2003 ἀργυρον

351 2033 454 2098 ἄλλοτ’
479 2035 561 2116 ἀλλα
584 2032 845 2117 ταρασσέμεν,
870 2035 955 2116 quod
978 2034 1023 2097 ibi
1046 2054 1123 2099 sane
1145 2034 1220 2098 ferri
1243 2038 1362 2118 nequit

397 2259 437 2322 V.
463 2260 512 2322 70.

420 2369 535 2448 ἀνθεμα
559 2369 589 2434 δέ
612 2376 722 2451 χρυσοῦ
746 2370 863 2450 φλέγει,

419 2476 459 2545 τά
483 2484 538 2559 μὲν
560 2480 693 2563 χερσόθεν
716 2484 772 2546 ἀπ’
794 2484 918 2560 ἀγλαῶν
941 2481 1082 2563 δενδρέων,
1106 2479 1176 2563 ὕδωρ
1199 2483 1226 2547 δ’
1251 2480 1334 2547 ἀλλα
1358 2481 1469 2562 φέρβει.

422 2592 573 2675 ὅρμοισι
596 2599 666 2658 τῶν
688 2594 812 2675 χέρας
835 2594 1030 2658 ἀναπλέκοντι
1054 2593 1106 2659 καὶ
1131 2593 1276 2676 ςεφάνοις.

397 2709 504 2793 Bergk
527 2710 700 2792 repudiatis
724 2709 877 2773 Boeekhii
900 2715 931 2773 et
950 2708 1105 2774 Karsteni
1128 2711 1318 2773 coniecturis
1331 2705 1471 2788 κεφαλάς

352 2823 402 2885 vel
437 2820 599 2901 κροτάφονς
632 2842 689 2904 pro
725 2820 872 2902 ςεφάνοις,
907 2823 1029 2886 nemini
1058 2822 1151 2887 facila
1180 2822 1383 2906 persuadebit
1406 2825 1475 2906 ipse

352 2938 530 3019 corrigens:

417 3045 546 3128 ὅρμοις
577 3049 591 3112 ε’
620 3051 691 3110 τῶν
721 3046 836 3127 χέρες
858 3046 1053 3111 ἀναπλέκοντι
1076 3046 1127 3111 καὶ
1152 3047 1299 3127 ςεφάνοις,

352 3167 389 3225 ut
423 3159 516 3240 ὅρμοις
550 3166 581 3224 et
613 3158 750 3240 ςεφάνοις
782 3163 845 3225 sint
868 3162 1054 3224 Accusativi
1076 3161 1206 3224 Aeolici.
1227 3159 1309 3224 Nam
1334 3160 1473 3224 abiectae

252 3261 254 3265 ¹
353 3275 557 3338 consonantis
577 3276 819 3357 praepositionis
842 3274 873 3336 ἑκ
896 3274 1023 3337 nulium
1046 3275 1080 3335 in
1105 3273 1224 3337 Graeca
1235 3275 1323 3357 poesi
1337 3293 1473 3356 usquam

353 3389 522 3470 vestigium
545 3392 705 3471 repertum
730 3395 785 3470 est,
807 3406 913 3470 neque
934 3388 970 3448 in
993 3406 1029 3450 ea
1052 3388 1207 3470 scriptura
1225 3393 1333 3471 aptum
1347 3394 1394 3450 est
1405 3406 1475 3450 ver-

352 3499 428 3563 bum
462 3503 671 3583 compositum
695 3497 880 3581 ἀναπλέκειν,
905 3500 991 3582 qued
1015 3503 1051 3562 ut
1073 3499 1192 3561 ἀναδεῖν
1217 3499 1255 3562 de
1278 3499 1475 3563 redimiendo

307 3697 308 3700 Ἴ
354 3613 455 3697 eapite
481 3615 629 3696 usurpari
653 3613 775 3676 assolet.
799 3612 914 3676 Melius
938 3613 1049 3676 saltem
1072 3613 1274 3676 coniecisset:

419 3723 551 3804 ὅρμοις
575 3730 650 3804 σφε
670 3728 741 3788 τῶν
763 3723 879 3804 χέρες
899 3724 1094 3788 ἀναπλέκοντι
1114 3721 1165 3786 καὶ
1187 3722 1334 3805 ςεφάνοις,
1423 3745 1426 3750 ·

354 3839 496 3902 horum
530 3839 680 3902 florum
713 3841 842 3904 sertis
871 3845 910 3903 et
941 3839 1117 3902 corollis
1151 3857 1295 3900 manus
1329 3856 1398 3901 eos
1421 3840 1476 3900 r'e-

354 3953 545 4016 dimiunt.
571 3951 651 4016 Cum
672 3954 732 4015 hee
754 3952 823 4015 loeo
847 3956 1056 4035 componatur
1080 3950 1114 4014 P.
1138 3949 1173 4012 X
1195 3950 1247 4012 40.

397 4174 437 4238 V.
464 4176 513 4237 95.
869 4171 940 4234 ἀλλ’
964 4163 1040 4234 αἶνον
1063 4167 1162 4246 ἐπέβα
1185 4161 1262 4247 κὸρος

542 4289 573 4352 οὐ
597 4287 664 4369 δέκα
686 4285 904 4362 συναντόμενος,
929 4283 1012 4348 ἀλλά
1035 4280 1156 4363 μάργυν
1180 4282 1235 4344 ὑπ’
1260 4280 1375 4361 ἀνδρῶν,

541 4400 574 4465 τὸ
592 4405 767 4476 λαλαγῆσαι
789 4397 906 4461 θέλων
929 4395 1037 4477 κρύφον
1060 4419 1101 4459 τε
1123 4393 1238 4472 θέμεν
1261 4394 1351 4456 ἐσλῶν
1370 4399 1474 4465 καλοῖς

543 4509 641 4592 ἔργοις.
