3430 5554
759 681 801 744 41

229 872 369 932 mentem
403 886 495 931 suam
530 866 726 950 significasse
758 866 925 931 scribendo
956 860 1110 942 άποτράπῳ
1141 860 1277 941 πότμῳ
1299 861 1351 924 vel

227 977 342 1062 τύχρο
377 979 493 1043 Pind.
529 979 569 1041 21
584 999 632 1062 sq.
664 977 828 1064 Quidquid
859 984 915 1061 est,
938 977 1006 1042 faui
1035 977 1162 1041 videtur
1184 974 1291 1059 Bergk
1315 977 1350 1037 in

229 1094 276 1159 ed.
299 1092 376 1156 Iura
394 1092 571 1157 Pindarum
594 1096 712 1175 putens
732 1094 778 1156 sic
797 1093 962 1176 scripsisse
974 1111 1031 1174 pro
1044 1089 1152 1172 γνάμρι
1163 1087 1350 1168 άποτρδποο.

229 1205 313 1270 Olim
336 1205 384 1269 ad
406 1204 686 1288 Theognidem
708 1226 738 1290 p.
764 1206 816 1288 26,
839 1205 876 1268 cl.
899 1205 935 1268 P.
957 1203 993 1267 X
1016 1205 1058 1267 20
1083 1200 1127 1280 μῦ
1146 1202 1298 1282 φθονεραῖς
1319 1200 1352 1264 εἰι

227 1318 294 1382 θεῶν
317 1315 610 1398 μετατροπίαις
629 1315 820 1399 ἐπικύρσαιεν,
833 1316 1036 1402 periclitabar
1047 1317 1262 1381 coniecturam
1274 1315 1351 1392 Pin-

228 1431 341 1496 darum
372 1432 538 1515 scripsisse
567 1430 804 1512 μετατρδπιρ
825 1433 894 1498 sive
916 1427 1147 1510 πεδατράπῳ
1170 1427 1286 1511 γνάμρι.
1311 1429 1352 1492 In

227 1564 292 1609 uno
317 1545 426 1609 codice
445 1549 495 1610 est
517 1541 703 1624 παρατρόπρ.
729 1544 793 1610 Sed
814 1547 916 1610 maior
938 1550 987 1610 est
1008 1543 1178 1612 difficultas
1198 1541 1352 1624 ἱηγνώμρι

134 1710 137 1713 .
228 1659 304 1740 (non
328 1657 434 1722 addito
458 1656 530 1738 θεοῦ)
553 1677 653 1741 quam
675 1659 710 1720 in
732 1656 897 1738 άποτρόπςο.

272 1901 366 1984 Pyth.
390 1900 442 1965 IX
468 1903 496 1965 5.
518 1901 864 1984 ἀνεμοσφαράγων
888 1892 1058 1967 εἀΠαλιόο
1080 1903 1205 1967 κόλπων.

272 2016 525 2101 Interpretcntur
547 2022 673 2082 vento
696 2017 1003 2101 strepentibus,
1028 2018 1092 2100 sed,
1116 2019 1144 2082 si
1163 2019 1208 2081 ita
1227 2018 1353 2101 scripsit

227 2133 330 2213 poeta,
364 2131 472 2194 nescio
507 2149 548 2194 an
583 2130 773 2194 vertendum
808 2132 850 2195 sit
884 2135 1008 2195 vento
1043 2129 1250 2214 turgidis,
1283 2131 1304 2194 i.
1326 2149 1351 2196 ο.

228 2243 354 2326 plenis
376 2243 578 2308 ventosis.
613 2242 736 2327 Nempe
770 2243 816 2308 sic
846 2243 926 2306 mihi
955 2243 1142 2328 persuadeo,
1164 2244 1257 2307 initio
1288 2244 1352 2309 duo

228 2355 328 2420 fuisse
361 2355 459 2420 verba
491 2358 621 2439 penitus
656 2357 791 2440 diversa,
821 2357 876 2422 sed
907 2356 947 2421 ob
971 2357 1212 2422 similitudinem
1238 2356 1354 2423 deinde

230 2468 371 2551 confusa,
395 2473 574 2547 σμαραγεῖν,
606 2473 796 2553 strepere
827 2475 858 2534 et
881 2473 1057 2550 σφαραγεῖν,
1082 2474 1255 2554 cognatum
1277 2489 1353 2534 eum

228 2582 375 2661 σπαργῦν,
399 2586 578 2665 turgere.
598 2581 668 2646 Iam
688 2584 763 2646 olim
782 2585 817 2647 in
838 2581 1195 2659 Quaestiunculis
1216 2583 1352 2666 epicis

228 2700 267 2758 et
290 2695 498 2779 elegiacis
520 2697 634 2760 monui
655 2673 715 2759 ¹Od.
738 2695 789 2764 IX
813 2697 877 2760 398

653 2848 936 2926 σφαραγεῦντο
959 2843 992 2910 δέ
1014 2845 1038 2909 οἱ
1060 2843 1128 2926 πυρὶ
1150 2843 1224 2926 ῥίζαι

519 2958 677 3038 ὀφθαλμοῦ

232 3110 346 3174 vinoso
380 3078 500 3174 netum
534 3111 637 3174 videri
666 3130 724 3195 pro
754 3113 1037 3189 ορορογεοιτο
1061 3110 1110 3193 (cf.
1133 3121 1155 3174 n
1180 3111 1253 3174 210.
1280 3110 1353 3175 463.
1428 3109 1430 3114 ’

234 3231 259 3286 Φ
285 3223 379 3306 190),“
395 3242 469 3286 cum
493 3227 578 3288 recte
599 3222 725 3307 legatur
748 3221 805 3287 Od.
829 3245 839 3285 ι
862 3225 928 3286 439
945 3244 1008 3307 sq.:

505 3370 630 3445 ,θήλειαι
653 3371 680 3435 δ’
702 3369 851 3449 ε’μέμααον
872 3369 1053 3449 ἀνήμελκτοι
1075 3370 1139 3451 περὶ
1162 3370 1278 3445 σιρκοῦς·

521 3483 629 3548 οὔθατα
652 3481 710 3571 γάρ
734 3489 1026 3564 σφαραγεῦντο.
1328 3469 1333 3477 ”

277 3633 370 3711 Quod
391 3635 562 3700 discrimen
586 3637 613 3700 si
635 3640 721 3700 recte
744 3637 850 3718 statui,
874 3634 1010 3700 dubium
1032 3641 1167 3702 nonest
1188 3636 1355 3720 quinPin-

233 3749 309 3813 daro
332 3748 371 3812 N.
394 3749 460 3812 VII
483 3751 526 3812 24

524 3898 605 3971 τέκες
628 3900 738 3964 Αἰακὸν
761 3898 989 3980 βαρυσφαράγῳ
1012 3898 1112 3979 πατρί.

234 4035 325 4100 reddi
348 4041 502 4120 oporteat:
528 4035 761 4117 βαρυσΜαράγῳ
784 4037 881 4118 πατρί,

280 4155 312 4214 et
333 4150 417 4213 idem
441 4151 557 4214 vitium
579 4152 767 4234 imposuerit
788 4151 956 4214 Eustuthio
979 4170 1025 4232 pr.
1039 4151 1080 4213 16
1093 4150 1176 4215 etad
1189 4148 1246 4214 Od.
1261 4151 1356 4233 1636,

236 4264 256 4325 8
290 4268 400 4347 poetae
434 4267 543 4326 nostro
575 4263 728 4328 tribuenti
762 4264 849 4327 Iovis
883 4263 1044 4346 epitheton
1074 4261 1269 4343 ε’ρισφάραγος
1299 4284 1356 4348 pro

234 4373 438 4454 ἐρισμάραγος.
461 4375 534 4438 Vid.
558 4375 669 4461 fragm.
694 4377 744 4440 14.
770 4377 820 4440 15.
841 4375 958 4439 Nostro
983 4394 1113 4459 quoque
1133 4376 1356 4460 locopraefero

235 4486 502 4570 άνεμοσμοιράγοον.
549 4579 551 4582 Ι
