3430 5554
885 649 926 711 60

395 829 435 892 V.
460 831 510 892 54.
534 826 673 909 οίρμοίπυν
697 828 707 891 ί
718 851 742 890 π
753 851 777 890 π
788 851 801 892 ο
813 828 831 893 δ
841 853 855 908 ο
867 830 882 892 ί
893 853 918 906 μ
930 853 938 893 ν
951 853 964 894 ο
977 853 991 892 ν
1013 830 1183 904 κελαδῆσαι.

397 941 493 1006 Recte
518 961 621 1025 nuper
642 941 879 1006 Rauehenstein
903 942 947 1004 ίπ
959 965 983 1004 π
995 965 1008 1006 ο
1020 942 1036 1005 δ
1048 966 1062 1023 ρ
1075 966 1088 1007 ο
1100 966 1125 1020 μ
1138 942 1178 1007 to
1190 966 1215 1006 ν.

397 1177 436 1238 V.
461 1176 511 1239 63.
536 1173 578 1238 Ἦ
610 1173 673 1252 μίον
703 1143 832 1239 πολλοίνυ
863 1173 915 1238 κοοί
945 1183 1004 1239 ΤΟ
1029 1174 1236 1252 σεσωποίμενον
1261 1173 1476 1252 εὐίυμίοον

1192 1287 1294 1372 [μείζω
1318 1286 1406 1368 φέρεν.

398 1399 490 1476 Quod
514 1402 648 1465 coniecit
670 1400 776 1464 Naber
799 1399 959 1477 εὐυμνί
969 1423 1036 1471 οον,
1062 1421 1102 1464 ne
1125 1407 1197 1486 post
1219 1403 1322 1485 ipsius
1347 1401 1475 1484 quidem

353 1515 596 1597 explicationem
621 1515 700 1597 (pag.
724 1515 777 1594 42)
802 1515 878 1577 satis
901 1515 1058 1598 intellego.
1081 1514 1160 1578 Cum
1182 1534 1281 1598 grano
1294 1515 1378 1597 salis,
1392 1514 1477 1597 quod

354 1629 452 1707 aiunt,
476 1626 607 1689 Pindari
628 1625 726 1690 verba
749 1628 931 1709 accipienda
952 1646 1021 1691 esse
1040 1628 1120 1690 vidit
1138 1629 1201 1691 iam
1222 1625 1348 1709 Dissen,
1360 1628 1476 1690 nimias

356 1739 467 1803 laudes
500 1745 627 1823 propter
662 1739 826 1802 hominum
863 1741 1018 1803 invidiam
1050 1741 1216 1823 displicere
1246 1759 1389 1804 monens.
1414 1738 1475 1802 Sed

356 1852 463 1915 nescio
494 1857 599 1915 tomen
628 1871 669 1915 an
691 1857 784 1934 poeta
805 1853 911 1934 paullo
937 1853 1053 1916 clarius
1077 1873 1168 1916 suam
1193 1859 1331 1918 mentem
1357 1851 1477 1935 signifi-

358 1965 478 2028 caverit
500 1963 684 2028 scribendo:

486 2074 614 2140 πολλοίκν
638 2076 690 2140 κοοί
709 2084 752 2139 TI
776 2075 983 2153 σεσωπαμένον
1006 2077 1145 2155 εὐίομίοον
1167 2075 1257 2158 μείζω
1280 2075 1368 2157 Φέρει.

399 2189 1475 2275 SaepeetiamAmoumsilentiopraetermissum

355 2303 570 2366 maiorem
615 2301 761 2366 affert
801 2304 1176 2384 iucunditatem,
1220 2306 1239 2366 i.
1272 2323 1307 2382 e..
1342 2305 1369 2368 si
1410 2321 1476 2366 non

358 2415 466 2477 omnia
497 2414 535 2477 ad
569 2415 743 2478 satietatem
775 2421 1012 2498 percensentur.
1036 2416 1088 2479 Ad
1111 2418 1298 2480 sententiam
1324 2415 1361 2479 cf.
1385 2415 1424 2478 N.
1446 2415 1477 2476 V

360 2527 400 2588 15
414 2546 481 2609 sqq.

398 2751 509 2814 Isthm.
532 2750 566 2813 H
591 2751 631 2812 19
644 2770 711 2833 sqq.
736 2749 904 2815 Difficilem
928 2751 1036 2814 locum
1059 2756 1143 2815 recte
1166 2751 1367 2834 inte1pretari
1390 2750 1476 2813 vide-

355 2869 408 2928 tur
437 2863 574 2946 Merger,
604 2865 668 2946 qui,
692 2863 749 2926 ubi
780 2865 827 2926 rei
848 2865 1072 2946 grammaticae
1094 2869 1150 2927 aut
1172 2864 1299 2928 inscitia
1324 2868 1379 2927 aut
1402 2882 1476 2926 con-

355 2982 478 3060 temptu
501 2996 565 3039 non
590 2977 753 3058 premitur,
777 2976 945 3059 aliquoties
968 2995 1080 3039 verum
1104 2977 1191 3040 vidit.
1251 3045 1253 3049 ,

398 3199 437 3262 V.
462 3201 512 3263 25.

489 3311 640 3391 Ἀδυπνίςο
663 3309 697 3375 πὲ
720 3334 760 3374 ννν
782 3308 951 3389 οίσποίζονπο
975 3314 1061 3391 Φωνᾷ

487 3424 617 3507 χρυσέοις
640 3427 669 3489 ἒν
694 3424 829 3503 γούνοοσνν
853 3424 992 3487 πίτνονποο
1015 3423 1112 3494 Nixus

488 3545 582 3616 γυῖονν
605 3537 664 3602 οίνίο
686 3535 942 3627 σφετέροινςπίον
966 3535 1001 3608 δὴ
1025 3535 1169 3599 κοολέονσνν
1191 3534 1362 3622 Ὀλυμπίου
1390 3533 1458 3607 Δνίς

489 3650 590 3723 ίίλσος·
613 3651 673 3715 κπὲ.

401 3765 483 3842 Quia
517 3785 582 3829 non
616 3771 682 3829 tota
715 3764 793 3846 Elis,
828 3764 883 3829 sed
918 3764 985 3827 sola
1016 3762 1165 3847 Olympia
1196 3762 1361 3827 dicebatur
1391 3763 1478 3826 Iovis

356 3879 496 3963 Olympii
529 3880 633 3961 lucus,
664 3879 830 3942 manifesto
861 3879 1036 3961 requiritur
1065 3869 1116 3958 aqi
1148 3876 1247 3958 (ubi)
1272 3875 1306 3946 δίο
1331 3872 1474 3939 κυλίουσιν

353 3992 414 4065 κπὲ,
448 3997 524 4056 noto
559 3997 721 4075 poetarum
754 4011 817 4054 usu
848 3991 967 4053 dictum
997 4009 1054 4072 pro
1085 3985 1154 4051 ίπου
1178 3986 1222 4054 ε’ςί
1244 3987 1278 4050 τὸ
1301 3987 1472 4064 Ὀλυμπίου

354 4105 422 4176 Διὸς
448 4103 536 4176 οίλσος
564 4103 793 4189 (καλούμενον).

396 4317 435 4379 V.
466 4318 518 4379 41.
548 4317 656 4381 Placet
685 4335 807 4400 nupera
829 4316 1068 4380 Wilamowitzii
1097 4316 1278 4379 coniectura
1311 4311 1476 4393 ίέρενος

282 4439 285 4444 ’
354 4449 411 4514 pro
435 4427 559 4509 ίερείους.
