3430 5554
919 673 961 736 30

380 856 490 922 durior
511 857 601 920 nasci
622 855 750 920 videtur
772 859 949 936 structura3
972 855 1174 920 admittentes
1186 856 1349 936 syuizesin
1361 856 1395 919 in
1407 853 1499 917 ἑαλω-

380 965 462 1038 κότα,
487 968 610 1049 syllaba
632 988 696 1032 non
721 968 873 1053 producta
896 968 936 1032 ad
960 968 1143 1052 exemplum
1167 970 1255 1032 vocis
1279 966 1339 1040 έέις
1358 968 1394 1032 P.
1414 966 1431 1030 Ι
1451 966 1502 1047 56,

380 1081 585 1146 abuteremur
606 1083 675 1146 loeo
697 1082 832 1146 fortasse
855 1102 920 1146 non
944 1083 1076 1165 integro,
1099 1086 1131 1146 et
1154 1083 1181 1144 si
1201 1083 1325 1166 integer
1345 1082 1396 1163 sit,
1408 1098 1502 1164 expe-

381 1194 496 1259 diendo
521 1194 680 1278 quomodo
704 1195 807 1260 voluit
829 1195 936 1278 Bergk
955 1196 989 1258 in
1011 1195 1213 1258 adnotatione
1231 1195 1271 1258 ad
1291 1214 1365 1258 eum
1377 1194 1501 1273 locum3

381 1312 507 1372 utentes
543 1307 722 1391 aphaeresi,
757 1285 839 1391 quae
874 1308 994 1372 uocalis
1025 1315 1051 1370 E
1082 1309 1197 1391 spiritu
1227 1327 1338 1393 aspero
1361 1309 1504 1374 munitae

381 1422 543 1485 rarissima
577 1426 634 1496 est,
668 1427 805 1486 metrum
838 1423 1068 1506 iugularemus.
1100 1420 1226 1496 Quibus
1258 1423 1297 1487 de
1328 1423 1444 1506 ccasio,
1475 1421 1504 1486 si

381 1534 503 1599 abiecta
536 1535 742 1618 reduplicatio
778 1535 904 1599 defendi
937 1540 1091 1620 nequeat,
1114 1537 1210 1600 etiam
1241 1535 1335 1600 inviti
1359 1537 1505 1620 cogimur

381 1649 522 1732 accipere
554 1648 674 1713 Naberi
708 1650 943 1714 correctionem.
980 1647 1097 1713 Gratus
1132 1650 1171 1712 ab
1209 1649 1319 1714 eodem
1351 1649 1505 1734 accipiam

382 1782 412 1825 v.
436 1761 478 1824 80
509 1759 700 1826 ἕτέςασαι
730 1759 860 1837 μαθών
884 1779 940 1843 pro
963 1759 1054 1842 ἕτίςα
1075 1757 1229 1837 μανθάνων
1249 1753 1285 1826 'ot
1306 1782 1335 1825 V.
1361 1763 1403 1828 83
1427 1758 1505 1840 ςρέ-

383 1877 507 1951 ψαντι
538 1892 595 1957 pro
623 1869 834 1954 τρέψαντι,
859 1893 996 1956 quarum
1020 1875 1253 1938 correctionum
1279 1875 1360 1940 hano
1384 1873 1508 1937 dudum

384 1987 419 2048 in
441 1985 633 2069 exemplaris
656 1985 719 2049 mei
743 1985 887 2069 margine
910 1989 1144 2050 adnotaveram.

429 2195 469 2259 V.
495 2197 567 2260 101.
590 2196 620 2259 έν
642 2193 763 2275 πολέμῳ
786 2191 878 2267 τάξας
900 2195 959 2260 utut
982 2194 1089 2277 ψυχάν
1108 2195 1240 2260 λιτάν.
1261 2195 1342 2263 Cum
1361 2195 1507 2262 Heckoro

387 2311 517 2394 requiro
551 2307 702 2386 βαλών,
737 2310 800 2373 nisi
833 2309 914 2374 forte
947 2310 1053 2374 leuius
1087 2311 1244 2394 corrigere
1277 2311 1352 2376 licet
1384 2309 1507 2374 δικών.

385 2423 457 2487 Hoc
479 2422 612 2487 verbum
635 2422 753 2506 legitur
776 2420 811 2486 Ο.
834 2420 869 2485 X
894 2423 933 2485 72
958 2427 989 2488 et
1011 2423 1047 2487 P.
1069 2422 1121 2486 IX
1145 2424 1218 2488 123.
1240 2423 1357 2488 Pind.
1383 2424 1435 2487 15.

430 2632 524 2714 Pyth.
546 2632 595 2696 IV
618 2634 646 2696 3.
677 2629 829 2697 Deleatur
852 2633 1042 2716 quantocius
1065 2633 1226 2697 annotatio
1251 2651 1321 2699 mea
1344 2633 1437 2697 adh.
1462 2653 1508 2698 vs.

386 2744 645 2809 andtt

433 2955 472 3028 V.
497 2957 547 3020 10.
571 2952 689 3038 ἓβδέριρι
711 2953 775 3019 καὶ
797 2952 862 3040 σὺν
885 2952 998 3036 δεκάτρι
1020 2957 1117 3038 γενερῖ.

433 3068 486 3132 Ad
516 3068 758 3154 hyperbatioum
786 3087 883 3132 usum
906 3067 1038 3131 voculae
1060 3065 1114 3130 xci
1135 3067 1219 3152 apud
1242 3072 1387 3132 nostrum
1411 3067 1449 3132 ef.
1474 3066 1510 3131 0.

389 3180 423 3246 Π
458 3182 509 3245 31.
539 3181 571 3243 V
603 3181 653 3244 16.
684 3180 719 3244 P.
751 3179 786 3244 X
816 3181 867 3243 58.
897 3179 935 3244 N.
966 3179 1032 3243 VH
1056 3182 1106 3244 31.
1129 3179 1238 3244 Huius
1261 3185 1369 3245 tamen
1390 3182 1454 3246 loci
1476 3201 1513 3246 ea

389 3296 469 3359 ratio
492 3299 549 3374 est,
572 3299 609 3358 ut
631 3295 689 3357 vix
714 3292 856 3358 dubitem
880 3293 1105 3376 corrigendum
1129 3312 1214 3358 esse:

578 3405 697 3488 ἑβδόμᾳ
717 3404 783 3469 σὺν
807 3405 870 3469 καὶ
894 3404 1007 3488 δεκάτρι
1028 3409 1124 3487 γενεᾷ.

434 3613 474 3679 V.
499 3616 551 3680 25.
574 3613 816 3695 apruntinum
838 3635 895 3700 pro
918 3612 1105 3695 κρημνάντων
1128 3617 1256 3700 requiro
1280 3635 1356 3681 cum
1376 3615 1514 3700 Nabaro,

393 3730 450 3813 qui
472 3729 550 3793 dicit
571 3747 605 3794 se
628 3749 665 3793 ea
688 3729 727 3792 de
749 3749 783 3794 re
806 3729 970 3792 monuisse
993 3727 1109 3793 Mnem.
1134 3727 1203 3792 XX
1223 3729 1274 3811 70,
1295 3730 1514 3813 autiguorans

393 3847 449 3906 aut
472 3842 589 3907 oblitus
612 3861 664 3906 me
688 3841 788 3905 multo
811 3845 884 3905 ante
907 3842 1014 3925 ipsum
1037 3861 1105 3906 eam
1128 3843 1345 3924 quaestionem
1366 3842 1513 3907 funditus

393 3959 545 4021 tractasse
578 3955 613 4017 in
647 3954 978 4019 animadversionibus
1012 3954 1052 4018 ad
1085 3953 1265 4018 Lucienum
1299 3954 1416 4020 Mnem.
1450 3954 1516 4019 VH

395 4067 444 4151 (N.
469 4067 510 4150 S.)
534 4088 561 4130 a.
588 4068 673 4130 1879
696 4087 766 4152 pag.
791 4066 864 4130 366.

441 4251 480 4316 V.
504 4254 555 4316 29.
966 4250 1071 4330 Φιλίαν
1095 4250 1123 4315 δ’
1147 4249 1237 4316 ἐπέων

584 4362 702 4444 άρχετν,
726 4360 825 4438 ξείνοις
848 4360 870 4428 ά
890 4360 918 4426 τ’
947 4361 1123 4429 ἐλθόντεσσιν
1146 4362 1294 4444 εὐεργέταν

584 4475 662 4540 δεῖν’
685 4474 983 4554 έταγγέλλοντι
1006 4477 1162 4556 πρῶτον.
