3430 5554
897 654 940 717 40

405 841 444 904 V.
469 840 520 904 81.
542 837 659 918 τέτρωτι
682 837 708 902 δ’
733 835 860 915 ἔμπετες
887 835 1060 922 (ἔμπεσεςῗ
1082 839 1154 902 Vid.
1179 839 1219 903 ad
1240 837 1277 902 P.
1298 837 1333 901 Π
1355 839 1418 920 41).

548 949 720 1030 σωμάτεσσι
743 950 825 1014 ιισικόι
847 950 981 1031 Φρονόων·

549 1072 608 1137 τοῖς
631 1063 696 1129 οὔτε
719 1062 798 1137 νόσος
820 1063 898 1141 όμῶς

550 1177 597 1241 ἐτ’
622 1176 734 1248 άλτνὸς
757 1177 786 1240 ἐν
808 1173 929 1240 Πνόιάδι
952 1175 1040 1256 κρόόιρ,

552 1289 616 1353 οὐδὲ
640 1285 788 1366 μολόντων
811 1310 871 1368 τωρ
895 1287 998 1368 ματέρ’
1022 1267 1133 1370 άμφὶ
1165 1287 1261 1366 γέλως
1283 1287 1395 1367 γλυκύς

550 1396 636 1483 ὦρσεν
657 1401 752 1483 χάριν.
993 1379 996 1385 ’

408 1514 490 1592 Quia
524 1516 651 1580 nullum
686 1520 735 1580 est
768 1516 901 1580 verbum
933 1511 1117 1595 άμφορνόνοιι
1147 1516 1296 1580 voculam
1325 1515 1413 1597 άμφό
1433 1518 1484 1581 hie

363 1629 550 1694 adverbium
575 1648 644 1692 esse
669 1634 814 1693 statuunt
835 1630 1032 1712 interpretes.
1053 1627 1128 1691 Non
1150 1633 1261 1692 tuetur
1277 1630 1365 1694 hune
1386 1650 1484 1695 usum

259 1729 261 1735 ⁸
362 1743 454 1806 loeus
476 1741 514 1806 P.
537 1741 586 1804 IV
609 1741 650 1804 81

551 1851 661 1933 άμφὶ
684 1849 715 1916 δὲ
738 1851 893 1934 τοιρδοιλέρι
915 1851 1054 1929 ςένετο
1076 1851 1253 1933 Φρόσσοντοις
1276 1851 1404 1934 όμβροις,

365 1969 441 2052 quia
473 1987 540 2031 non
571 1967 682 2032 dubito
714 1968 793 2050 quin
823 1947 1006 2046 άμΦιςέρειν
1028 1985 1130 2050 aeque
1152 1951 1236 2032 reete
1260 1968 1324 2032 dici
1345 1973 1443 2052 potue
1462 1970 1485 2032 't

365 2102 463 2165 quam
494 2077 662 2160 τεριςέςνειν.
686 2079 802 2144 Melius
824 2081 924 2163 igitur
946 2079 1159 2175 adverbialem
1182 2101 1281 2145 usum
1302 2101 1360 2164 pro
1383 2079 1484 2162 άμΦίς

366 2196 485 2260 tuearis
520 2193 667 2277 analogia
702 2193 931 2257 vocabulorum
964 2189 1119 2265 πολλάκις,
1154 2191 1296 2273 τετράκις,
1329 2194 1483 2258 similium

364 2309 510 2372 ultimam
540 2308 677 2371 litteram
706 2308 799 2372 metri
820 2326 916 2370 causa
939 2307 1100 2370 interdum
1125 2306 1486 2392 abicientium.Nil1ilo·

365 2424 472 2486 minus
496 2423 572 2506 quia
594 2422 624 2484 11.
648 2421 667 2483 l.
692 2440 756 2484 non
781 2421 1065 2502 circumstantium,
1086 2420 1141 2484 sed
1161 2421 1271 2484 matris
1284 2421 1388 2485 duleis
1400 2423 1485 2486 risus

365 2537 567 2620 potissimum
600 2534 790 2617 cogitandus
819 2533 954 2615 videtur,
981 2532 1068 2596 haud
1099 2532 1236 2597 diffiteor
1258 2535 1411 2617 scriptum
1433 2554 1485 2600 me

365 2646 474 2710 malle:

555 2757 620 2823 οὐδὲ
643 2756 790 2836 μολόντων
812 2779 872 2837 τοιρ
895 2754 999 2837 μοισὲρ’
1024 2755 1067 2821 άν
1090 2760 1160 2838 σφι
1183 2755 1278 2836 γέλως
1300 2756 1412 2835 γλυκὺς

555 2867 648 2952 ὦρσε
670 2869 766 2951 χάριν.

363 2989 383 3050 1.
404 3007 429 3052 θ.
454 2983 562 3067 άνῶρσὲ
587 2989 642 3065 σφι
665 2983 763 3064 χάριν,
786 2984 987 3068 gaudium
1008 2985 1063 3049 iis
1086 2986 1258 3050 excitat.
1279 2984 1484 3068 01111118.

366 3101 532 3166 Structura
556 3097 702 3176 μολόντων
726 3136 767 3143 -
792 3102 847 3176 σφι
869 3099 949 3161 nihil
972 3103 1020 3162 est
1042 3099 1129 3182 apud
1152 3097 1288 3163 Graecos
1311 3099 1483 3184 vulgatius,

365 3214 468 3278 Multo
500 3214 612 3277 durius
643 3216 735 3296 poeta
758 3209 794 3274 0.
817 3209 902 3274 XIH
927 3210 968 3274 14
981 3231 1026 3294 sq.
1051 3212 1160 3275 iunxit
1181 3207 1276 3288 ὔμμιν
1298 3250 1341 3259 -
1365 3211 1485 3291 ὑπερελ-

365 3325 475 3390 θόντων.
500 3326 540 3390 Iu
562 3327 640 3408 ipsis
663 3324 872 3408 sequentibus
891 3324 1105 3408 pulcherrima
1123 3329 1172 3388 est
1190 3322 1484 3408 Bergkiieurrectio

365 3437 445 3503 κοιτά
473 3437 587 3518 -λοιόροος
616 3441 737 3517 χορῶν
769 3439 836 3520 (pro
868 3437 894 3501 δ’
925 3437 1044 3520 ἐχθρῶν)
1068 3429 1188 3517 άτάοροι
1211 3437 1384 3511 πτάσσοντι,
1406 3461 1485 3516 σωμ-

365 3557 442 3634 φορρῖ
466 3549 649 3628 δεδωρμένοι.
674 3551 727 3614 Ad
751 3553 940 3616 sententiam
963 3551 1000 3614 ef.
1024 3551 1060 3614 fr.
1086 3541 1176 3614 229.Ι

410 3775 450 3838 V.
476 3775 526 3838 92.
547 3775 577 3837 ἐν
608 3773 633 3836 l'
665 3771 753 3852 όλίνῳ
782 3770 893 3853 βροτῶν
924 3771 955 3836 τό
986 3773 1103 3852 τερπνόν
1125 3769 1259 3847 οοάξετοοι·
1283 3771 1355 3838 οὕτω
1379 3773 1412 3838 δὲ
1432 3773 1484 3838 κοά

366 3893 465 3950 τιτνεῖ
491 3885 607 3966 χοιμοά,
640 3883 847 3965 άσοτρόσιρ
872 3885 1009 3968 ννάμρι
1031 3887 1223 3964 σεσεισμένον.
1247 3888 1365 3952 Procul
1388 3888 1485 3953 dubio

366 4003 474 4065 verius
504 4001 634 4066 Boeclrh
665 4001 783 4084 aliique
812 4020 1003 4068 aversum
1035 4004 1216 4066 animum
1246 4003 1395 4068 tribuunt
1416 4002 1484 4068 Deo

364 4095 421 4179 aut
443 4115 611 4197 Fortunae,
635 4135 729 4197 quam
754 4113 883 4197 Merger
901 4115 962 4197 ipsi
981 4115 1108 4198 gaudie,
1125 4116 1283 4199 siquidem
1302 4115 1485 4192 σεσεισμένον

364 4227 531 4291 manifesto
563 4229 628 4290 vim
657 4227 777 4290 indicat
809 4226 948 4309 aliquam
973 4233 1145 4291 externam.
1170 4227 1378 4312 Comparatur
1399 4231 1482 4293 enim

363 4341 396 4404 τὸ
420 4341 534 4420 τερπνόν
556 4342 682 4426 plantae
705 4342 755 4405 vel
778 4341 859 4423 tlori,
883 4343 948 4424 qui,
967 4347 1003 4406 ut
1022 4343 1165 4407 celeriter
1189 4345 1310 4419 erescit,
1330 4345 1375 4408 ita
1388 4349 1482 4408 vento

366 4473 543 4520 concussus
574 4454 664 4519 brevi
694 4454 779 4520 eadit
810 4455 909 4517 humi.
933 4454 1067 4520 Planius
1092 4462 1198 4520 tamen
1220 4456 1334 4520 vellem
1358 4461 1483 4540 poetam
