3430 5554
821 664 838 725 7

267 845 364 926 iubet,
399 846 485 929 quod
516 866 581 910 non
612 846 695 910 cadit
725 848 759 909 in
790 848 897 911 locum
920 848 1138 928 Pindaricum,
1164 847 1218 911 ubi
1241 846 1280 911 ab
1300 849 1391 911 initio

268 958 308 1020 ad
338 957 435 1036 finem
466 979 500 1022 se
531 960 639 1042 ipsum
669 978 742 1022 cum
767 960 891 1024 civibus
916 962 984 1024 suis
1008 961 1153 1024 hortatur
1176 959 1334 1023 scribens:
1359 958 1392 1022 ἐκ

267 1068 408 1147 μενσὶλων
443 1071 474 1134 δὲ
509 1071 629 1135 πενθέων
664 1070 796 1144 λυθέντες
830 1071 860 1158 ss
890 1073 963 1150 μήτ’
994 1073 1023 1135 ε’ν
1056 1071 1182 1154 σ’ρφωνίμ
1211 1071 1392 1149 πέσωμεν

267 1180 412 1262 ςεφσὶνων,
436 1182 514 1260 μήτε
537 1181 631 1247 scribac
654 1182 859 1263 deprime,
879 1183 1064 1263 πωυσσὶμενω
1085 1185 1111 1248 δ’
1124 1183 1281 1265 ἀπρήκτων
1293 1189 1391 1248 κακῶν

267 1294 296 1382 ss
318 1293 414 1373 γλυκύ
437 1319 465 1359 rr
489 1295 756 1374 δωμωσόμεθω
778 1295 831 1360 καὶ
855 1296 937 1375 μετὰ
959 1297 1051 1362 πόνον.
1077 1298 1116 1362 In
1139 1299 1199 1362 hoc
1221 1300 1291 1382 ipso
1316 1317 1391 1363 vero

267 1410 336 1474 loco
356 1409 452 1474 verba
475 1408 713 1486 πέσωμεν-
735 1407 924 1482 θεράπευε
950 1431 1016 1475 non
1035 1391 1087 1476 ita·
1103 1412 1172 1476 leve
1194 1412 1390 1477 habentmo·

269 1528 422 1605 mentum,
442 1543 505 1607 quo
517 1523 586 1587 loco
599 1530 708 1587 nostro
721 1529 870 1588 tueamur
881 1524 1037 1589 librorum
1053 1525 1220 1589 lectionem
1234 1522 1334 1588 rudae
1348 1562 1390 1572 —

267 1632 444 1711 αὐδάσομεν.
477 1635 564 1699 Scire
598 1641 705 1699 autem
739 1636 903 1719 pervelim,
940 1638 1018 1719 quid
1044 1636 1159 1702 habeat
1181 1636 1311 1701 absurdi
1336 1642 1392 1701 aut

269 1767 394 1812 sanae
416 1750 576 1812 rationi
600 1751 703 1830 (ouius
724 1768 774 1813 me
800 1768 929 1833 quoque
951 1752 1135 1834 participem
1155 1769 1225 1815 esse
1242 1752 1387 1834 autumo)

267 1862 472 1943 contrarium,
495 1867 634 1926 statuere
655 1861 844 1943 Pindarum,
867 1863 922 1945 qui
947 1868 993 1927 tot
1016 1863 1078 1926 alia
1101 1863 1140 1926 ab
1164 1862 1305 1928 Homero
1319 1884 1390 1927 rnu-

266 1980 375 2038 tuatus
399 1977 449 2057 sit,
468 1975 523 2039 ubi
543 1980 681 2040 metrum
702 1977 858 2058 suaderet,
882 1975 1017 2040 subinde
1036 1982 1177 2041 veterem
1200 1977 1294 2041 illum
1314 1997 1389 2042 con·
1467 1955 1468 1958 Ἴ

265 2089 447 2151 iunctivum
471 2087 663 2152 adhibuisse.
686 2087 803 2152 Nonne
825 2087 931 2171 Solon,
953 2094 990 2153 ut
1011 2089 1073 2152 hoc
1096 2094 1176 2172 utar,
1200 2091 1332 2154 cecinit:

423 2234 551 2314 Ἴωμεν
574 2237 613 2307 εἰς
637 2242 813 2314 Σωλωμῖνω,
838 2235 1045 2315 μωχνσόμενω
1069 2234 1132 2317 περὶ
1157 2235 1242 2310 νήσων
1289 2302 1291 2304 ,

420 2349 549 2429 ἱμερτῆς,
573 2346 710 2428 χαλεπόν
734 2348 761 2411 τ’
786 2341 893 2427 relaxer
916 2346 1121 2426 νέπωσόμενωῖ2

296 2487 417 2550 'Amici
438 2489 538 2569 igitur
557 2489 783 2569 coniecturam,
806 2487 954 2570 quamvis
975 2486 1080 2551 lenem
1101 2491 1132 2550 et
1151 2492 1243 2551 acute
1261 2488 1389 2572 excogi-

266 2603 372 2682 tatam,
407 2601 616 2664 necessariam
654 2619 723 2665 esse
758 2598 880 2681 dubito,
914 2604 945 2664 et
974 2599 1130 2664 librorum
1147 2600 1323 2675 lectionem
1351 2619 1387 2664 eo

265 2712 417 2777 libentius
449 2712 591 2777 retinebo
626 2712 721 2796 quod,
750 2712 824 2777 licet
856 2713 969 2776 ultima
999 2713 1201 2796 singulorum
1233 2731 1387 2779 versuum

266 2824 388 2905 syllaba
411 2827 451 2889 sit
474 2844 599 2907 anceps,
619 2825 787 2889 observavi
804 2829 912 2890 tamen
929 2824 1177 2909 plerumque
1196 2826 1247 2890 vel
1259 2826 1390 2891 ultimae

265 2938 404 3019 syllabae
438 2940 648 3022 quantitatem
682 2940 717 3001 in
752 2939 954 3023 stropharum
974 2943 1005 3002 el
1021 2939 1288 3022 antistropharum
1313 2938 1389 3026 Pin·

264 3051 443 3115 daricarum
479 3051 624 3115 versibus
660 3051 852 3115 antitheticis
888 3070 958 3116 esse
980 3051 1122 3116 eandem.
1145 3050 1229 3116 Nam
1252 3054 1280 3116 si
1304 3058 1389 3118 recte

264 3163 401 3227 calculos
444 3163 596 3245 subduxi,
634 3165 667 3227 in
699 3163 849 3228 omnibus
881 3165 1024 3246 epiniciis
1064 3162 1192 3228 versus'
1211 3166 1388 3229 antithetici

263 3279 323 3341 hac
352 3280 386 3341 in
416 3298 451 3342 re
475 3277 536 3342 sibi
559 3279 753 3362 respondent
776 3279 840 3341 615
864 3280 959 3359 vices,
982 3280 1001 3341 i.
1015 3297 1040 3342 e.
1063 3297 1163 3362 paene
1187 3279 1237 3342 bis
1260 3281 1387 3363 saepius

265 3411 362 3474 quam
384 3411 451 3455 non
472 3392 677 3475 respondent,
699 3392 913 3474 discrepantes
938 3391 1002 3454 365
1026 3392 1119 3456 vices.
1142 3390 1246 3467 Quam
1257 3411 1388 3476 propor-

264 3507 384 3570 tionem
402 3507 499 3570 haece
521 3505 637 3570 tabella
660 3506 823 3570 declarat:-

512 3641 748 3726 Olymp.carm.
795 3691 802 3706 .
848 3691 855 3705 .
901 3691 908 3704 .
956 3643 1018 3706 187
1045 3664 1052 3706 :
1079 3644 1141 3705 122

510 3756 616 3838 Pythi.
672 3805 687 3837 „
796 3805 803 3819 .
848 3805 855 3820 .
901 3804 909 3820 .
956 3757 1142 3819 227:106

509 3857 690 3949 nemea,
797 3916 804 3931 .
850 3917 856 3931 .
903 3916 909 3931 .
958 3869 1053 3932 rra:
1102 3869 1143 3931 eo
1257 3851 1263 3861 ’

508 3981 661 4046 Isthmiae
662 4029 908 4045 ......
977 3983 1051 4045 83:
1098 3981 1150 4043 47.

310 4118 350 4181 In
379 4117 489 4182 multis
520 4123 625 4183 autem
657 4117 853 4183 carminibus
874 4119 1036 4202 proportio
1062 4122 1109 4182 est
1132 4117 1228 4200 longo
1251 4118 1387 4200 gravior,

265 4231 354 4294 velut
382 4233 416 4293 in
449 4229 484 4294 O.
516 4231 588 4312 VII,
611 4231 669 4295 ubi
691 4233 751 4296 ista
774 4230 896 4313 syllaba
918 4232 1055 4296 vicies
1080 4224 1316 4314 quinquies
1339 4234 1388 4294 est

266 4345 385 4425 eadem,
405 4346 640 4428 quinquies
662 4350 787 4409 tantum
810 4346 972 4428 discrepat.
997 4343 1086 4420 Quae
1106 4344 1283 4407 observatio
1305 4344 1388 4407 hano

267 4457 378 4521 saltem
412 4456 506 4522 habet
539 4458 718 4540 utilitatem,
751 4463 788 4522 ut
819 4460 855 4522 in
889 4478 1042 4522 versuum
1075 4456 1195 4522 finibus
1233 4457 1286 4520 hic
1321 4457 1388 4521 illic
