<?xml version="1.0" encoding="UTF-8"?>
<!DOCTYPE html PUBLIC "-//W3C//DTD XHTML 1.0 Transitional//EN"
    "http://www.w3.org/TR/xhtml1/DTD/xhtml1-transitional.dtd">
<html xmlns="http://www.w3.org/1999/xhtml" xml:lang="en" lang="en">
 <head>
  <title>
</title>
<meta http-equiv="Content-Type" content="text/html;charset=utf-8" />
  <meta name='ocr-system' content='tesseract 3.04.00' />
  <meta name='ocr-capabilities' content='ocr_page ocr_carea ocr_par ocr_line ocrx_word'/>
</head>
<body>
  <div class='ocr_page' id='page_1' title='image "./studiacriticaet01herwgoog_0053.png"; bbox 0 0 3430 5554; ppageno 0'>
   <div class='ocr_carea' id='block_1_1' title="bbox 903 673 947 735">
    <p class='ocr_par' dir='ltr' id='par_1_1' title="bbox 903 673 947 735">
     <span class='ocr_line' id='line_1_1' title="bbox 903 673 947 735; baseline 0 0"><span class='ocrx_word' id='word_1_1' title='bbox 903 673 947 735; x_wconf 89' lang='grc'><strong>48</strong></span> 
     </span>
    </p>
   </div>
   <div class='ocr_carea' id='block_1_2' title="bbox 363 854 1488 1279">
    <p class='ocr_par' dir='ltr' id='par_1_2' title="bbox 363 854 1488 1279">
     <span class='ocr_line' id='line_1_2' title="bbox 407 854 1486 941; baseline 0.004 -24"><span class='ocrx_word' id='word_1_2' title='bbox 407 854 512 939; x_wconf 82' lang='lat' dir='ltr'><strong>Aegre</strong></span> <span class='ocrx_word' id='word_1_3' title='bbox 542 855 686 920; x_wconf 87' lang='lat' dir='ltr'><strong>desidero</strong></span> <span class='ocrx_word' id='word_1_4' title='bbox 716 875 900 940; x_wconf 84' lang='lat' dir='ltr'>pronomen,</span> <span class='ocrx_word' id='word_1_5' title='bbox 933 875 1032 941; x_wconf 89' lang='lat' dir='ltr'><strong>quare</strong></span> <span class='ocrx_word' id='word_1_6' title='bbox 1062 855 1319 940; x_wconf 79' lang='lat' dir='ltr'><strong>permittentibus</strong></span> <span class='ocrx_word' id='word_1_7' title='bbox 1343 859 1486 922; x_wconf 88' lang='lat' dir='ltr'><strong>numeris</strong></span> 
     </span>
     <span class='ocr_line' id='line_1_3' title="bbox 364 967 1486 1052; baseline 0.003 -20"><span class='ocrx_word' id='word_1_8' title='bbox 364 967 500 1032; x_wconf 86' lang='lat' dir='ltr'><strong>scribam</strong></span> <span class='ocrx_word' id='word_1_9' title='bbox 524 967 670 1045; x_wconf 80' lang='grc' dir='ltr'><em>μέσσον</em></span> <span class='ocrx_word' id='word_1_10' title='bbox 694 968 772 1050; x_wconf 86' lang='grc' dir='ltr'><strong>&lt;σ’</strong></span> <span class='ocrx_word' id='word_1_11' title='bbox 786 969 835 1043; x_wconf 78' lang='grc'><strong>&gt;,</strong></span> <span class='ocrx_word' id='word_1_12' title='bbox 860 969 1003 1033; x_wconf 67' lang='grc' dir='ltr'><strong>ἀντίτειν’.</strong></span> <span class='ocrx_word' id='word_1_13' title='bbox 1030 969 1203 1052; x_wconf 80' lang='lat' dir='ltr'><strong>Sequentia</strong></span> <span class='ocrx_word' id='word_1_14' title='bbox 1225 969 1308 1033; x_wconf 88' lang='lat' dir='ltr'><strong>male</strong></span> <span class='ocrx_word' id='word_1_15' title='bbox 1328 970 1486 1035; x_wconf 79' lang='lat' dir='ltr'><strong>intellexit</strong></span> 
     </span>
     <span class='ocr_line' id='line_1_4' title="bbox 363 1078 1488 1166; baseline 0.003 -22"><span class='ocrx_word' id='word_1_16' title='bbox 363 1078 481 1144; x_wconf 88' lang='lat' dir='ltr'><strong>Dissen</strong></span> <span class='ocrx_word' id='word_1_17' title='bbox 511 1129 532 1153; x_wconf 89' lang='grc'><strong>,,</strong></span> <span class='ocrx_word' id='word_1_18' title='bbox 540 1080 732 1159; x_wconf 77' lang='grc' dir='ltr'><strong>καταβαίνειν</strong></span> <span class='ocrx_word' id='word_1_19' title='bbox 754 1085 888 1166; x_wconf 88' lang='lat' dir='ltr'><strong>petitam</strong></span> <span class='ocrx_word' id='word_1_20' title='bbox 914 1104 932 1147; x_wconf 90' lang='lat' dir='ltr'><strong>a</strong></span> <span class='ocrx_word' id='word_1_21' title='bbox 955 1082 1139 1165; x_wconf 74' lang='lat' dir='ltr'><strong>viatoribuS‚</strong></span> <span class='ocrx_word' id='word_1_22' title='bbox 1163 1083 1220 1165; x_wconf 89' lang='lat' dir='ltr'><strong>qui</strong></span> <span class='ocrx_word' id='word_1_23' title='bbox 1242 1088 1313 1166; x_wconf 88' lang='lat' dir='ltr'><strong>post</strong></span> <span class='ocrx_word' id='word_1_24' title='bbox 1333 1101 1384 1146; x_wconf 85' lang='lat' dir='ltr'><strong>ree</strong></span> <span class='ocrx_word' id='word_1_25' title='bbox 1407 1082 1488 1148; x_wconf 92' lang='lat' dir='ltr'><strong>bene</strong></span> 
     </span>
     <span class='ocr_line' id='line_1_5' title="bbox 363 1193 1485 1279; baseline 0.002 -23"><span class='ocrx_word' id='word_1_26' title='bbox 363 1198 468 1277; x_wconf 86' lang='lat' dir='ltr'><strong>gestas</strong></span> <span class='ocrx_word' id='word_1_27' title='bbox 479 1195 562 1258; x_wconf 90' lang='lat' dir='ltr'><strong>inter</strong></span> <span class='ocrx_word' id='word_1_28' title='bbox 573 1200 787 1279; x_wconf 83' lang='lat' dir='ltr'><strong>spectatorum</strong></span> <span class='ocrx_word' id='word_1_29' title='bbox 799 1196 1042 1260; x_wconf 79' lang='lat' dir='ltr'><strong>admirationem</strong></span> <span class='ocrx_word' id='word_1_30' title='bbox 1063 1195 1295 1259; x_wconf 87' lang='lat' dir='ltr'><strong>diseedun</strong></span> <span class='ocrx_word' id='word_1_31' title='bbox 1307 1193 1351 1258; x_wconf 87' lang='lat' dir='ltr'><strong>t&#39;’.</strong></span> <span class='ocrx_word' id='word_1_32' title='bbox 1372 1193 1485 1259; x_wconf 89' lang='lat' dir='ltr'><strong>Verte:</strong></span> 
     </span>
    </p>
   </div>
   <div class='ocr_carea' id='block_1_3' title="bbox 242 1308 1487 1393">
    <p class='ocr_par' dir='ltr' id='par_1_3' title="bbox 242 1308 1487 1393">
     <span class='ocr_line' id='line_1_6' title="bbox 242 1308 1487 1393; baseline 0.002 -23"><span class='ocrx_word' id='word_1_33' title='bbox 242 1314 244 1334; x_wconf 84' lang='grc'><strong><em>·</em></strong></span> <span class='ocrx_word' id='word_1_34' title='bbox 363 1326 446 1372; x_wconf 88' lang='lat' dir='ltr'><strong>nos</strong></span> <span class='ocrx_word' id='word_1_35' title='bbox 478 1309 746 1374; x_wconf 88' lang='lat' dir='ltr'><strong>videbimur</strong></span> <span class='ocrx_word' id='word_1_36' title='bbox 776 1309 1079 1374; x_wconf 84' lang='lat' dir='ltr'><strong>adversariis</strong></span> <span class='ocrx_word' id='word_1_37' title='bbox 1111 1308 1253 1372; x_wconf 91' lang='lat' dir='ltr'><strong>multo</strong></span> <span class='ocrx_word' id='word_1_38' title='bbox 1278 1310 1487 1393; x_wconf 87' lang='lat' dir='ltr'><strong>superio·</strong></span> 
     </span>
    </p>
   </div>
   <div class='ocr_carea' id='block_1_4' title="bbox 363 1422 1487 1600">
    <p class='ocr_par' dir='ltr' id='par_1_4' title="bbox 363 1422 1487 1600">
     <span class='ocr_line' id='line_1_7' title="bbox 363 1422 1487 1507; baseline 0.003 -23"><span class='ocrx_word' id='word_1_39' title='bbox 363 1440 437 1485; x_wconf 85' lang='lat' dir='ltr'><strong>ree</strong></span> <span class='ocrx_word' id='word_1_40' title='bbox 460 1441 557 1485; x_wconf 92' lang='lat' dir='ltr'><strong>oum</strong></span> <span class='ocrx_word' id='word_1_41' title='bbox 579 1423 734 1507; x_wconf 86' lang='lat' dir='ltr'><strong>gloria</strong></span> <span class='ocrx_word' id='word_1_42' title='bbox 756 1424 802 1486; x_wconf 90' lang='lat' dir='ltr'><strong>in</strong></span> <span class='ocrx_word' id='word_1_43' title='bbox 826 1442 1007 1488; x_wconf 83' lang='lat' dir='ltr'><strong>arenam</strong></span> <span class='ocrx_word' id='word_1_44' title='bbox 1032 1424 1198 1507; x_wconf 78' lang='lat' dir='ltr'><strong>(poeticam</strong></span> <span class='ocrx_word' id='word_1_45' title='bbox 1221 1422 1274 1506; x_wconf 85' lang='lat' dir='ltr'><strong>se.)</strong></span> <span class='ocrx_word' id='word_1_46' title='bbox 1299 1423 1487 1488; x_wconf 86' lang='lat' dir='ltr'><strong>deseen-</strong></span> 
     </span>
     <span class='ocr_line' id='line_1_8' title="bbox 364 1535 478 1600; baseline 0 -2"><span class='ocrx_word' id='word_1_47' title='bbox 364 1535 478 1600; x_wconf 91' lang='lat' dir='ltr'><strong>dere.</strong></span> 
     </span>
    </p>
   </div>
   <div class='ocr_carea' id='block_1_5' title="bbox 408 1715 1339 1808">
    <p class='ocr_par' dir='ltr' id='par_1_5' title="bbox 408 1715 1339 1808">
     <span class='ocr_line' id='line_1_9' title="bbox 408 1715 1339 1808; baseline 0 -23"><span class='ocrx_word' id='word_1_48' title='bbox 408 1720 447 1786; x_wconf 86' lang='lat' dir='ltr'><strong>V.</strong></span> <span class='ocrx_word' id='word_1_49' title='bbox 471 1723 523 1786; x_wconf 93' lang='grc'><strong>44.</strong></span> <span class='ocrx_word' id='word_1_50' title='bbox 546 1721 631 1808; x_wconf 85' lang='lat' dir='ltr'><strong>Lege</strong></span> <span class='ocrx_word' id='word_1_51' title='bbox 653 1720 781 1787; x_wconf 82' lang='grc' dir='ltr'><strong>τελὲεν</strong></span> <span class='ocrx_word' id='word_1_52' title='bbox 805 1743 861 1808; x_wconf 86' lang='lat' dir='ltr'><strong>pro</strong></span> <span class='ocrx_word' id='word_1_53' title='bbox 885 1721 1004 1786; x_wconf 86' lang='grc' dir='ltr'><strong>τελίσεν.</strong></span> <span class='ocrx_word' id='word_1_54' title='bbox 1029 1723 1155 1788; x_wconf 86' lang='lat' dir='ltr'><strong>Pind.</strong></span> <span class='ocrx_word' id='word_1_55' title='bbox 1179 1723 1231 1786; x_wconf 86' lang='grc'><strong>26.</strong></span> <span class='ocrx_word' id='word_1_56' title='bbox 1336 1715 1339 1720; x_wconf 54' lang='grc'>’</span> 
     </span>
    </p>
   </div>
   <div class='ocr_carea' id='block_1_6' title="bbox 364 1906 1488 3126">
    <p class='ocr_par' dir='ltr' id='par_1_6' title="bbox 408 1906 1258 1989">
     <span class='ocr_line' id='line_1_10' title="bbox 408 1906 1258 1989; baseline 0 -18"><span class='ocrx_word' id='word_1_57' title='bbox 408 1908 447 1972; x_wconf 91' lang='lat' dir='ltr'><strong>V.</strong></span> <span class='ocrx_word' id='word_1_58' title='bbox 472 1909 522 1972; x_wconf 84' lang='lat'><strong>55.</strong></span> <span class='ocrx_word' id='word_1_59' title='bbox 545 1907 792 1989; x_wconf 63' lang='lat' dir='ltr'><strong>metenebrae</strong></span> <span class='ocrx_word' id='word_1_60' title='bbox 816 1906 886 1973; x_wconf 79' lang='grc' dir='ltr'><strong>τοδὶ</strong></span> <span class='ocrx_word' id='word_1_61' title='bbox 909 1907 1099 1989; x_wconf 82' lang='grc' dir='ltr'><strong><em>λατρείαν</em></strong></span> <span class='ocrx_word' id='word_1_62' title='bbox 1121 1908 1258 1974; x_wconf 78' lang='grc' dir='ltr'><strong>Ἰαωλκὸν</strong></span> 
     </span>
    </p>

    <p class='ocr_par' dir='ltr' id='par_1_7' title="bbox 553 2020 1146 2214">
     <span class='ocr_line' id='line_1_11' title="bbox 553 2020 1051 2105; baseline 0 -20"><span class='ocrx_word' id='word_1_63' title='bbox 553 2021 683 2105; x_wconf 76' lang='grc' dir='ltr'><strong><em>πολεμία</em></strong></span> <span class='ocrx_word' id='word_1_64' title='bbox 705 2020 773 2103; x_wconf 77' lang='grc' dir='ltr'><strong>χερὶ</strong></span> <span class='ocrx_word' id='word_1_65' title='bbox 794 2021 1051 2103; x_wconf 81' lang='grc' dir='ltr'><strong>τρσστρατών</strong></span> 
     </span>
     <span class='ocr_line' id='line_1_12' title="bbox 554 2132 1146 2214; baseline 0 -16"><span class='ocrx_word' id='word_1_66' title='bbox 554 2134 669 2209; x_wconf 83' lang='grc' dir='ltr'><strong>Πνλεὺς</strong></span> <span class='ocrx_word' id='word_1_67' title='bbox 694 2132 855 2214; x_wconf 77' lang='grc' dir='ltr'><strong><em>παρέδωκεν</em></strong></span> <span class='ocrx_word' id='word_1_68' title='bbox 877 2132 1062 2212; x_wconf 74' lang='grc' dir='ltr'><em>Αἱμόνεσσιν,</em></span> <span class='ocrx_word' id='word_1_69' title='bbox 1085 2134 1146 2199; x_wconf 74' lang='lat' dir='ltr'><strong>ari.</strong></span> 
     </span>
    </p>

    <p class='ocr_par' dir='ltr' id='par_1_8' title="bbox 364 2246 1488 2788">
     <span class='ocr_line' id='line_1_13' title="bbox 409 2246 1488 2332; baseline 0 -20"><span class='ocrx_word' id='word_1_70' title='bbox 409 2247 445 2312; x_wconf 86' lang='lat' dir='ltr'><strong>Si</strong></span> <span class='ocrx_word' id='word_1_71' title='bbox 477 2247 613 2329; x_wconf 84' lang='grc' dir='ltr'><strong><em>λατρείαν</em></strong></span> <span class='ocrx_word' id='word_1_72' title='bbox 646 2248 794 2312; x_wconf 92' lang='lat' dir='ltr'><strong>haberem</strong></span> <span class='ocrx_word' id='word_1_73' title='bbox 824 2268 880 2332; x_wconf 94' lang='lat' dir='ltr'><strong>pro</strong></span> <span class='ocrx_word' id='word_1_74' title='bbox 913 2249 1077 2331; x_wconf 86' lang='lat' dir='ltr'><strong>adieetivo‚</strong></span> <span class='ocrx_word' id='word_1_75' title='bbox 1100 2269 1175 2313; x_wconf 88' lang='lat' dir='ltr'><strong>eum</strong></span> <span class='ocrx_word' id='word_1_76' title='bbox 1206 2249 1368 2314; x_wconf 83' lang='lat' dir='ltr'><strong>Schmidio</strong></span> <span class='ocrx_word' id='word_1_77' title='bbox 1391 2250 1428 2313; x_wconf 89' lang='lat' dir='ltr'><strong>cl.</strong></span> <span class='ocrx_word' id='word_1_78' title='bbox 1454 2246 1488 2312; x_wconf 92' lang='grc' dir='ltr'><strong>Ο.</strong></span> 
     </span>
     <span class='ocr_line' id='line_1_14' title="bbox 365 2359 1487 2446; baseline 0 -22"><span class='ocrx_word' id='word_1_79' title='bbox 365 2361 400 2424; x_wconf 90' lang='grc' dir='ltr'>Χ</span> <span class='ocrx_word' id='word_1_80' title='bbox 429 2363 472 2425; x_wconf 86' lang='grc'><strong>28</strong></span> <span class='ocrx_word' id='word_1_81' title='bbox 503 2363 699 2444; x_wconf 90' lang='lat' dir='ltr'><strong>requirerem</strong></span> <span class='ocrx_word' id='word_1_82' title='bbox 729 2365 813 2425; x_wconf 85' lang='lat' dir='ltr'><strong>certe</strong></span> <span class='ocrx_word' id='word_1_83' title='bbox 836 2359 957 2441; x_wconf 87' lang='grc' dir='ltr'><strong><em>λατρίαν</em></strong></span> <span class='ocrx_word' id='word_1_84' title='bbox 981 2362 1065 2444; x_wconf 83' lang='lat' dir='ltr'><strong>(lieet</strong></span> <span class='ocrx_word' id='word_1_85' title='bbox 1086 2363 1169 2444; x_wconf 87' lang='lat' dir='ltr'><strong>inde,</strong></span> <span class='ocrx_word' id='word_1_86' title='bbox 1193 2363 1279 2446; x_wconf 90' lang='lat' dir='ltr'><strong>quod</strong></span> <span class='ocrx_word' id='word_1_87' title='bbox 1302 2367 1388 2426; x_wconf 86' lang='lat' dir='ltr'><strong>reete</strong></span> <span class='ocrx_word' id='word_1_88' title='bbox 1411 2363 1487 2426; x_wconf 86' lang='lat' dir='ltr'><strong>dioi-</strong></span> 
     </span>
     <span class='ocr_line' id='line_1_15' title="bbox 365 2456 1485 2559; baseline -0.001 -20"><span class='ocrx_word' id='word_1_89' title='bbox 365 2481 420 2539; x_wconf 90' lang='lat' dir='ltr'><strong>tur</strong></span> <span class='ocrx_word' id='word_1_90' title='bbox 451 2471 566 2556; x_wconf 77' lang='grc' dir='ltr'><strong><em>λίτρας</em></strong></span> <span class='ocrx_word' id='word_1_91' title='bbox 599 2471 709 2551; x_wconf 64' lang='lat' dir='ltr'><strong>alolde,</strong></span> <span class='ocrx_word' id='word_1_92' title='bbox 742 2475 887 2538; x_wconf 89' lang='lat' dir='ltr'><strong>nondum</strong></span> <span class='ocrx_word' id='word_1_93' title='bbox 919 2482 1074 2559; x_wconf 88' lang='lat' dir='ltr'><strong>sequatur</strong></span> <span class='ocrx_word' id='word_1_94' title='bbox 1103 2475 1216 2540; x_wconf 89' lang='lat' dir='ltr'><strong>urbem</strong></span> <span class='ocrx_word' id='word_1_95' title='bbox 1239 2477 1274 2538; x_wconf 90' lang='lat' dir='ltr'><strong>in</strong></span> <span class='ocrx_word' id='word_1_96' title='bbox 1297 2456 1485 2540; x_wconf 82' lang='lat' dir='ltr'><strong>servitutem</strong></span> 
     </span>
     <span class='ocr_line' id='line_1_16' title="bbox 364 2587 1488 2673; baseline -0.001 -20"><span class='ocrx_word' id='word_1_97' title='bbox 364 2590 524 2653; x_wconf 82' lang='lat' dir='ltr'><strong>redactam</strong></span> <span class='ocrx_word' id='word_1_98' title='bbox 558 2587 680 2668; x_wconf 86' lang='grc' dir='ltr'><strong><em>λατρίαν</em></strong></span> <span class='ocrx_word' id='word_1_99' title='bbox 715 2589 777 2652; x_wconf 88' lang='lat' dir='ltr'><strong>diei</strong></span> <span class='ocrx_word' id='word_1_100' title='bbox 810 2589 913 2673; x_wconf 85' lang='lat' dir='ltr'><strong>posse)</strong></span> <span class='ocrx_word' id='word_1_101' title='bbox 948 2595 978 2654; x_wconf 91' lang='lat' dir='ltr'><strong>et</strong></span> <span class='ocrx_word' id='word_1_102' title='bbox 1011 2589 1180 2670; x_wconf 79' lang='grc' dir='ltr'><strong>τερτρασών</strong></span> <span class='ocrx_word' id='word_1_103' title='bbox 1212 2609 1286 2655; x_wconf 89' lang='lat' dir='ltr'><strong>oum</strong></span> <span class='ocrx_word' id='word_1_104' title='bbox 1317 2590 1488 2671; x_wconf 74' lang='lat' dir='ltr'><strong>aaronem,</strong></span> 
     </span>
     <span class='ocr_line' id='line_1_17' title="bbox 366 2700 1430 2788; baseline -0.003 -20"><span class='ocrx_word' id='word_1_105' title='bbox 366 2703 452 2788; x_wconf 89' lang='lat' dir='ltr'><strong>quod</strong></span> <span class='ocrx_word' id='word_1_106' title='bbox 474 2701 645 2787; x_wconf 84' lang='lat' dir='ltr'><strong>probabam</strong></span> <span class='ocrx_word' id='word_1_107' title='bbox 669 2701 753 2765; x_wconf 90' lang='lat' dir='ltr'><strong>Pin</strong></span> <span class='ocrx_word' id='word_1_108' title='bbox 767 2701 795 2766; x_wconf 97' lang='lat' dir='ltr'><strong>d.</strong></span> <span class='ocrx_word' id='word_1_109' title='bbox 822 2702 873 2766; x_wconf 86' lang='grc'><strong>26.</strong></span> <span class='ocrx_word' id='word_1_110' title='bbox 897 2700 994 2766; x_wconf 91' lang='lat' dir='ltr'><strong>Nune</strong></span> <span class='ocrx_word' id='word_1_111' title='bbox 1018 2703 1130 2766; x_wconf 87' lang='lat' dir='ltr'><strong>collato</strong></span> <span class='ocrx_word' id='word_1_112' title='bbox 1154 2702 1247 2787; x_wconf 87' lang='lat' dir='ltr'><strong>Soph.</strong></span> <span class='ocrx_word' id='word_1_113' title='bbox 1270 2701 1318 2766; x_wconf 83' lang='lat' dir='ltr'><strong>El.</strong></span> <span class='ocrx_word' id='word_1_114' title='bbox 1345 2703 1430 2767; x_wconf 79' lang='lat'>1198</span> 
     </span>
    </p>

    <p class='ocr_par' dir='ltr' id='par_1_9' title="bbox 367 2813 1488 3126">
     <span class='ocr_line' id='line_1_18' title="bbox 555 2813 1375 2897; baseline 0 -19"><span class='ocrx_word' id='word_1_115' title='bbox 555 2813 599 2885; x_wconf 84' lang='grc' dir='ltr'><strong>τίς</strong></span> <span class='ocrx_word' id='word_1_116' title='bbox 622 2813 680 2896; x_wconf 77' lang='grc' dir='ltr'><strong>γσίρ</strong></span> <span class='ocrx_word' id='word_1_117' title='bbox 704 2814 731 2877; x_wconf 86' lang='grc' dir='ltr'><strong>τ’</strong></span> <span class='ocrx_word' id='word_1_118' title='bbox 752 2813 870 2895; x_wconf 62' lang='lat' dir='ltr'><strong>andana</strong></span> <span class='ocrx_word' id='word_1_119' title='bbox 890 2815 966 2896; x_wconf 59' lang='grc' dir='ltr'><strong><em>,τῇδε</em></strong></span> <span class='ocrx_word' id='word_1_120' title='bbox 988 2813 1224 2897; x_wconf 81' lang='grc' dir='ltr'><strong>τρσστρέτεν</strong></span> <span class='ocrx_word' id='word_1_121' title='bbox 1249 2814 1375 2896; x_wconf 61' lang='lat' dir='ltr'><strong>liparam</strong></span> 
     </span>
     <span class='ocr_line' id='line_1_19' title="bbox 367 2927 1485 3012; baseline -0.002 -18"><span class='ocrx_word' id='word_1_122' title='bbox 367 2931 425 3012; x_wconf 86' lang='lat' dir='ltr'><strong>(sio</strong></span> <span class='ocrx_word' id='word_1_123' title='bbox 455 2931 541 2994; x_wconf 90' lang='lat' dir='ltr'><strong>enim</strong></span> <span class='ocrx_word' id='word_1_124' title='bbox 571 2929 657 2993; x_wconf 89' lang='lat' dir='ltr'><strong>haud</strong></span> <span class='ocrx_word' id='word_1_125' title='bbox 688 2927 784 2992; x_wconf 93' lang='lat' dir='ltr'><strong>dubie</strong></span> <span class='ocrx_word' id='word_1_126' title='bbox 806 2932 891 2993; x_wconf 87' lang='lat' dir='ltr'><strong>reete</strong></span> <span class='ocrx_word' id='word_1_127' title='bbox 913 2927 1063 2992; x_wconf 86' lang='lat' dir='ltr'><strong>Reiskius</strong></span> <span class='ocrx_word' id='word_1_128' title='bbox 1087 2930 1226 2993; x_wconf 85' lang='lat' dir='ltr'><strong>correxit</strong></span> <span class='ocrx_word' id='word_1_129' title='bbox 1247 2928 1402 2992; x_wconf 89' lang='lat' dir='ltr'><strong>librorum</strong></span> <span class='ocrx_word' id='word_1_130' title='bbox 1426 2927 1485 2992; x_wconf 81' lang='lat' dir='ltr'><strong>lea</strong></span> 
     </span>
     <span class='ocr_line' id='line_1_20' title="bbox 368 3039 1488 3126; baseline -0.003 -19"><span class='ocrx_word' id='word_1_131' title='bbox 368 3045 487 3108; x_wconf 92' lang='lat' dir='ltr'><strong>tionem</strong></span> <span class='ocrx_word' id='word_1_132' title='bbox 516 3039 683 3126; x_wconf 84' lang='grc' dir='ltr'><strong>τρστρέτεν)</strong></span> <span class='ocrx_word' id='word_1_133' title='bbox 718 3042 824 3125; x_wconf 87' lang='lat' dir='ltr'><strong>quis</strong></span> <span class='ocrx_word' id='word_1_134' title='bbox 857 3042 975 3105; x_wconf 90' lang='lat' dir='ltr'><strong>enim</strong></span> <span class='ocrx_word' id='word_1_135' title='bbox 1005 3041 1274 3106; x_wconf 88' lang='lat' dir='ltr'><strong>mortalium</strong></span> <span class='ocrx_word' id='word_1_136' title='bbox 1299 3042 1350 3105; x_wconf 89' lang='lat' dir='ltr'><strong>ad</strong></span> <span class='ocrx_word' id='word_1_137' title='bbox 1373 3042 1488 3104; x_wconf 87' lang='lat' dir='ltr'><strong>hano</strong></span> 
     </span>
    </p>
   </div>
   <div class='ocr_carea' id='block_1_7' title="bbox 250 3153 1449 3238">
    <p class='ocr_par' dir='ltr' id='par_1_10' title="bbox 250 3153 1449 3238">
     <span class='ocr_line' id='line_1_21' title="bbox 250 3153 1449 3238; baseline -0.004 -16"><span class='ocrx_word' id='word_1_138' title='bbox 250 3171 258 3192; x_wconf 84' lang='grc'>·</span> <span class='ocrx_word' id='word_1_139' title='bbox 367 3153 1449 3238; x_wconf 80' lang='lat' dir='ltr'><strong>necessitatemteredegit?emendarenondubito:</strong></span> 
     </span>
    </p>
   </div>
   <div class='ocr_carea' id='block_1_8' title="bbox 367 3265 1489 3810">
    <p class='ocr_par' dir='ltr' id='par_1_11' title="bbox 555 3265 1247 3352">
     <span class='ocr_line' id='line_1_22' title="bbox 555 3265 1247 3352; baseline 0 -18"><span class='ocrx_word' id='word_1_140' title='bbox 555 3269 668 3334; x_wconf 81' lang='grc' dir='ltr'><strong><em>Παλίου</em></strong></span> <span class='ocrx_word' id='word_1_141' title='bbox 691 3265 721 3333; x_wconf 76' lang='grc' dir='ltr'><strong>δὲ</strong></span> <span class='ocrx_word' id='word_1_142' title='bbox 743 3289 803 3350; x_wconf 81' lang='grc' dir='ltr'><strong>παρ</strong></span> <span class='ocrx_word' id='word_1_143' title='bbox 826 3267 891 3333; x_wconf 75' lang='grc' dir='ltr'><strong>τοδὶ</strong></span> <span class='ocrx_word' id='word_1_144' title='bbox 914 3267 1079 3352; x_wconf 70' lang='grc' dir='ltr'><strong><em>λατρεία</em></strong></span> <span class='ocrx_word' id='word_1_145' title='bbox 1101 3269 1247 3334; x_wconf 75' lang='grc' dir='ltr'><strong>Ἑναωλκὸν</strong></span> 
     </span>
    </p>

    <p class='ocr_par' dir='ltr' id='par_1_12' title="bbox 367 3379 1489 3810">
     <span class='ocr_line' id='line_1_23' title="bbox 555 3379 1139 3466; baseline -0.005 -18"><span class='ocrx_word' id='word_1_146' title='bbox 555 3381 686 3466; x_wconf 75' lang='grc' dir='ltr'><strong><em>πολεμία</em></strong></span> <span class='ocrx_word' id='word_1_147' title='bbox 707 3379 774 3463; x_wconf 72' lang='grc' dir='ltr'><strong><em>χερί</em></strong></span> <span class='ocrx_word' id='word_1_148' title='bbox 797 3381 1055 3463; x_wconf 81' lang='grc' dir='ltr'><strong>τροστρατών</strong></span> <span class='ocrx_word' id='word_1_149' title='bbox 1078 3382 1139 3446; x_wconf 81' lang='grc' dir='ltr'><strong>κτὲ.</strong></span> 
     </span>
     <span class='ocr_line' id='line_1_24' title="bbox 367 3495 1489 3565; baseline -0.004 0"><span class='ocrx_word' id='word_1_150' title='bbox 367 3502 387 3565; x_wconf 92' lang='lat' dir='ltr'><strong>i.</strong></span> <span class='ocrx_word' id='word_1_151' title='bbox 411 3520 437 3565; x_wconf 87' lang='lat' dir='ltr'><strong>e.</strong></span> <span class='ocrx_word' id='word_1_152' title='bbox 465 3499 635 3564; x_wconf 86' lang='lat' dir='ltr'><strong>Peleus</strong></span> <span class='ocrx_word' id='word_1_153' title='bbox 665 3495 845 3561; x_wconf 83' lang='lat' dir='ltr'><strong>Iolcum</strong></span> <span class='ocrx_word' id='word_1_154' title='bbox 874 3499 918 3560; x_wconf 89' lang='lat' dir='ltr'><strong>vi</strong></span> <span class='ocrx_word' id='word_1_155' title='bbox 948 3496 1189 3561; x_wconf 81' lang='lat' dir='ltr'><strong>redactam</strong></span> <span class='ocrx_word' id='word_1_156' title='bbox 1217 3497 1264 3559; x_wconf 92' lang='lat' dir='ltr'><strong>in</strong></span> <span class='ocrx_word' id='word_1_157' title='bbox 1286 3497 1489 3561; x_wconf 85' lang='lat' dir='ltr'><strong>servitu·</strong></span> 
     </span>
     <span class='ocr_line' id='line_1_25' title="bbox 367 3609 1489 3694; baseline -0.004 -15"><span class='ocrx_word' id='word_1_158' title='bbox 367 3620 454 3679; x_wconf 87' lang='lat' dir='ltr'><strong>tem</strong></span> <span class='ocrx_word' id='word_1_159' title='bbox 476 3610 795 3677; x_wconf 87' lang='lat' dir='ltr'><strong>Haemonibus</strong></span> <span class='ocrx_word' id='word_1_160' title='bbox 818 3610 1033 3674; x_wconf 87' lang='lat' dir='ltr'><strong>tradidit.</strong></span> <span class='ocrx_word' id='word_1_161' title='bbox 1057 3609 1109 3674; x_wconf 84' lang='lat' dir='ltr'><strong>Ad</strong></span> <span class='ocrx_word' id='word_1_162' title='bbox 1134 3609 1294 3694; x_wconf 85' lang='lat' dir='ltr'><strong>digamma</strong></span> <span class='ocrx_word' id='word_1_163' title='bbox 1317 3610 1408 3675; x_wconf 87' lang='lat' dir='ltr'><strong>urbis</strong></span> <span class='ocrx_word' id='word_1_164' title='bbox 1433 3629 1489 3674; x_wconf 92' lang='lat' dir='ltr'><strong>no-</strong></span> 
     </span>
     <span class='ocr_line' id='line_1_26' title="bbox 369 3720 1489 3810; baseline -0.005 -20"><span class='ocrx_word' id='word_1_165' title='bbox 369 3727 450 3791; x_wconf 88' lang='lat' dir='ltr'><strong>mini</strong></span> <span class='ocrx_word' id='word_1_166' title='bbox 479 3723 657 3810; x_wconf 84' lang='lat' dir='ltr'><strong>praefixum</strong></span> <span class='ocrx_word' id='word_1_167' title='bbox 688 3723 726 3786; x_wconf 88' lang='lat' dir='ltr'><strong>of.</strong></span> <span class='ocrx_word' id='word_1_168' title='bbox 752 3721 791 3786; x_wconf 89' lang='lat' dir='ltr'><strong>N.</strong></span> <span class='ocrx_word' id='word_1_169' title='bbox 813 3722 865 3786; x_wconf 89' lang='lat' dir='ltr'><strong>HI</strong></span> <span class='ocrx_word' id='word_1_170' title='bbox 888 3724 938 3786; x_wconf 91' lang='grc'><strong>34.</strong></span> <span class='ocrx_word' id='word_1_171' title='bbox 961 3722 997 3786; x_wconf 89' lang='grc' dir='ltr'><strong>Ρ.</strong></span> <span class='ocrx_word' id='word_1_172' title='bbox 1020 3721 1068 3785; x_wconf 83' lang='lat' dir='ltr'><strong>IV</strong></span> <span class='ocrx_word' id='word_1_173' title='bbox 1094 3723 1166 3785; x_wconf 87' lang='grc'><strong>188.</strong></span> <span class='ocrx_word' id='word_1_174' title='bbox 1190 3722 1361 3807; x_wconf 89' lang='lat' dir='ltr'><strong>Perperam</strong></span> <span class='ocrx_word' id='word_1_175' title='bbox 1384 3720 1489 3806; x_wconf 82' lang='lat' dir='ltr'><strong>Bergk</strong></span> 
     </span>
    </p>
   </div>
   <div class='ocr_carea' id='block_1_9' title="bbox 370 3835 1022 3926">
    <p class='ocr_par' dir='ltr' id='par_1_13' title="bbox 370 3835 1022 3926">
     <span class='ocr_line' id='line_1_27' title="bbox 370 3835 1022 3926; baseline -0.006 -22"><span class='ocrx_word' id='word_1_176' title='bbox 370 3860 427 3926; x_wconf 87' lang='lat' dir='ltr'><strong>pro</strong></span> <span class='ocrx_word' id='word_1_177' title='bbox 450 3837 639 3919; x_wconf 80' lang='grc' dir='ltr'><strong>τρσστρασών</strong></span> <span class='ocrx_word' id='word_1_178' title='bbox 662 3837 760 3901; x_wconf 90' lang='lat' dir='ltr'><strong>edidit</strong></span> <span class='ocrx_word' id='word_1_179' title='bbox 783 3835 1022 3917; x_wconf 77' lang='grc' dir='ltr'><strong>τρστρατνίν.</strong></span> 
     </span>
    </p>
   </div>
   <div class='ocr_carea' id='block_1_10' title="bbox 372 4021 1490 4565">
    <p class='ocr_par' dir='ltr' id='par_1_14' title="bbox 372 4021 1490 4565">
     <span class='ocr_line' id='line_1_28' title="bbox 415 4021 1490 4109; baseline -0.004 -17"><span class='ocrx_word' id='word_1_180' title='bbox 415 4029 454 4093; x_wconf 81' lang='lat' dir='ltr'><strong>V.</strong></span> <span class='ocrx_word' id='word_1_181' title='bbox 465 4025 657 4105; x_wconf 79' lang='grc' dir='ltr'><strong>58.τέχνανσν</strong></span> <span class='ocrx_word' id='word_1_182' title='bbox 672 4047 720 4105; x_wconf 77' lang='grc' dir='ltr'><strong>χρ</strong></span> <span class='ocrx_word' id='word_1_183' title='bbox 729 4049 745 4099; x_wconf 79' lang='grc' dir='ltr'><em>ν</em></span> <span class='ocrx_word' id='word_1_184' title='bbox 755 4021 802 4088; x_wconf 75' lang='lat' dir='ltr'><strong>ool</strong></span> <span class='ocrx_word' id='word_1_185' title='bbox 810 4043 935 4102; x_wconf 78' lang='grc' dir='ltr'><strong>μενος.</strong></span> <span class='ocrx_word' id='word_1_186' title='bbox 949 4024 983 4089; x_wconf 86' lang='lat' dir='ltr'><strong>Si</strong></span> <span class='ocrx_word' id='word_1_187' title='bbox 996 4025 1073 4108; x_wconf 90' lang='lat' dir='ltr'><strong>quid</strong></span> <span class='ocrx_word' id='word_1_188' title='bbox 1086 4024 1390 4108; x_wconf 78' lang='lat' dir='ltr'><strong>mutandum‚longe</strong></span> <span class='ocrx_word' id='word_1_189' title='bbox 1401 4043 1490 4109; x_wconf 88' lang='lat' dir='ltr'><strong>prae·</strong></span> 
     </span>
     <span class='ocr_line' id='line_1_29' title="bbox 372 4135 1489 4218; baseline -0.008 -10"><span class='ocrx_word' id='word_1_190' title='bbox 372 4143 499 4209; x_wconf 89' lang='lat' dir='ltr'><strong>tulerim</strong></span> <span class='ocrx_word' id='word_1_191' title='bbox 511 4141 725 4205; x_wconf 82' lang='lat' dir='ltr'><strong>coniecturam</strong></span> <span class='ocrx_word' id='word_1_192' title='bbox 740 4135 993 4216; x_wconf 70' lang='grc' dir='ltr'><em>χωσάμενος,</em></span> <span class='ocrx_word' id='word_1_193' title='bbox 1011 4142 1289 4202; x_wconf 81' lang='lat' dir='ltr'><strong>commemoratam</strong></span> <span class='ocrx_word' id='word_1_194' title='bbox 1302 4136 1489 4218; x_wconf 67' lang='lat' dir='ltr'><strong>atticano,</strong></span> 
     </span>
     <span class='ocr_line' id='line_1_30' title="bbox 372 4231 1490 4337; baseline -0.007 -16"><span class='ocrx_word' id='word_1_195' title='bbox 372 4257 455 4321; x_wconf 89' lang='lat' dir='ltr'><strong>male</strong></span> <span class='ocrx_word' id='word_1_196' title='bbox 485 4273 562 4320; x_wconf 87' lang='lat' dir='ltr'><strong>sano</strong></span> <span class='ocrx_word' id='word_1_197' title='bbox 592 4237 722 4337; x_wconf 82' lang='lat' dir='ltr'><strong>Bergkii</strong></span> <span class='ocrx_word' id='word_1_198' title='bbox 745 4231 883 4316; x_wconf 89' lang='lat' dir='ltr'><strong>invento</strong></span> <span class='ocrx_word' id='word_1_199' title='bbox 917 4249 1245 4331; x_wconf 77' lang='grc' dir='ltr'><strong>χαρασσαρσενος,</strong></span> <span class='ocrx_word' id='word_1_200' title='bbox 1271 4250 1357 4334; x_wconf 90' lang='lat' dir='ltr'><strong>quod</strong></span> <span class='ocrx_word' id='word_1_201' title='bbox 1380 4254 1490 4334; x_wconf 88' lang='lat' dir='ltr'><strong>poetae</strong></span> 
     </span>
     <span class='ocr_line' id='line_1_31' title="bbox 373 4360 1490 4448; baseline -0.009 -13"><span class='ocrx_word' id='word_1_202' title='bbox 373 4368 542 4435; x_wconf 88' lang='lat' dir='ltr'><strong>obtrudere</strong></span> <span class='ocrx_word' id='word_1_203' title='bbox 565 4387 664 4432; x_wconf 86' lang='lat' dir='ltr'><strong>ausus</strong></span> <span class='ocrx_word' id='word_1_204' title='bbox 686 4371 743 4448; x_wconf 85' lang='lat' dir='ltr'><strong>est,</strong></span> <span class='ocrx_word' id='word_1_205' title='bbox 766 4367 887 4430; x_wconf 86' lang='lat' dir='ltr'><strong>dietum</strong></span> <span class='ocrx_word' id='word_1_206' title='bbox 911 4365 977 4430; x_wconf 84' lang='lat' dir='ltr'><strong>scil.</strong></span> <span class='ocrx_word' id='word_1_207' title='bbox 997 4383 1054 4448; x_wconf 91' lang='lat' dir='ltr'><strong>pro</strong></span> <span class='ocrx_word' id='word_1_208' title='bbox 1073 4360 1248 4443; x_wconf 75' lang='grc' dir='ltr'><strong><em>χαραχθείς.</em></strong></span> <span class='ocrx_word' id='word_1_209' title='bbox 1270 4361 1374 4438; x_wconf 80' lang='lat' dir='ltr'><strong>Quam</strong></span> <span class='ocrx_word' id='word_1_210' title='bbox 1387 4362 1490 4446; x_wconf 84' lang='lat' dir='ltr'><strong>suspi-</strong></span> 
     </span>
     <span class='ocr_line' id='line_1_32' title="bbox 372 4472 1487 4565; baseline -0.009 -17"><span class='ocrx_word' id='word_1_211' title='bbox 372 4485 496 4548; x_wconf 82' lang='lat' dir='ltr'><strong>cionem</strong></span> <span class='ocrx_word' id='word_1_212' title='bbox 517 4481 704 4565; x_wconf 80' lang='lat' dir='ltr'><strong>impngnari</strong></span> <span class='ocrx_word' id='word_1_213' title='bbox 726 4478 777 4543; x_wconf 92' lang='lat' dir='ltr'><strong>Pi</strong></span> <span class='ocrx_word' id='word_1_214' title='bbox 790 4499 812 4542; x_wconf 91' lang='lat' dir='ltr'><strong>n</strong></span> <span class='ocrx_word' id='word_1_215' title='bbox 826 4480 854 4542; x_wconf 92' lang='lat' dir='ltr'><strong>d.</strong></span> <span class='ocrx_word' id='word_1_216' title='bbox 876 4478 917 4542; x_wconf 91' lang='grc'><strong>26</strong></span> <span class='ocrx_word' id='word_1_217' title='bbox 931 4499 976 4561; x_wconf 89' lang='lat' dir='ltr'><strong>sq.</strong></span> <span class='ocrx_word' id='word_1_218' title='bbox 996 4475 1116 4542; x_wconf 90' lang='lat' dir='ltr'><strong>Debuit</strong></span> <span class='ocrx_word' id='word_1_219' title='bbox 1135 4477 1244 4541; x_wconf 85' lang='lat' dir='ltr'><strong>saltem</strong></span> <span class='ocrx_word' id='word_1_220' title='bbox 1264 4472 1487 4556; x_wconf 80' lang='grc' dir='ltr'><strong>χαραΞαρενσς.</strong></span> 
     </span>
    </p>
   </div>
   <div class='ocr_carea' id='block_1_11' title="bbox 0 0 1735 5554">
    <p class='ocr_par' dir='ltr' id='par_1_15' title="bbox 0 0 1735 5554">
     <span class='ocr_line' id='line_1_33' title="bbox 0 0 1735 5554; baseline 0 0"><span class='ocrx_word' id='word_1_221' title='bbox 0 0 1735 5554; x_wconf 95' lang='lat' dir='ltr'><strong> </strong></span> 
     </span>
    </p>
   </div>
  </div>
 </body>
</html>
