<?xml version="1.0" encoding="UTF-8"?>
<!DOCTYPE html PUBLIC "-//W3C//DTD XHTML 1.0 Transitional//EN"
    "http://www.w3.org/TR/xhtml1/DTD/xhtml1-transitional.dtd">
<html xmlns="http://www.w3.org/1999/xhtml" xml:lang="en" lang="en">
 <head>
  <title>
</title>
<meta http-equiv="Content-Type" content="text/html;charset=utf-8" />
  <meta name='ocr-system' content='tesseract 3.04.00' />
  <meta name='ocr-capabilities' content='ocr_page ocr_carea ocr_par ocr_line ocrx_word'/>
</head>
<body>
  <div class='ocr_page' id='page_1' title='image "./studiacriticaet01herwgoog_0024.png"; bbox 0 0 3430 5554; ppageno 0'>
   <div class='ocr_carea' id='block_1_1' title="bbox 785 694 826 756">
    <p class='ocr_par' dir='ltr' id='par_1_1' title="bbox 785 694 826 756">
     <span class='ocr_line' id='line_1_1' title="bbox 785 694 826 756; baseline 0 0"><span class='ocrx_word' id='word_1_1' title='bbox 785 694 826 756; x_wconf 85' lang='lat'>19</span> 
     </span>
    </p>
   </div>
   <div class='ocr_carea' id='block_1_2' title="bbox 239 877 1375 4582">
    <p class='ocr_par' dir='ltr' id='par_1_2' title="bbox 239 877 1375 4022">
     <span class='ocr_line' id='line_1_2' title="bbox 239 877 1363 964; baseline -0.002 -21"><span class='ocrx_word' id='word_1_2' title='bbox 239 881 304 944; x_wconf 89' lang='lat' dir='ltr'>nisi</span> <span class='ocrx_word' id='word_1_3' title='bbox 332 880 412 946; x_wconf 82' lang='lat' dir='ltr'>forte</span> <span class='ocrx_word' id='word_1_4' title='bbox 441 884 535 964; x_wconf 90' lang='lat' dir='ltr'>putas</span> <span class='ocrx_word' id='word_1_5' title='bbox 567 878 679 943; x_wconf 88' lang='lat' dir='ltr'>Latine</span> <span class='ocrx_word' id='word_1_6' title='bbox 711 879 774 943; x_wconf 91' lang='lat' dir='ltr'>dici</span> <span class='ocrx_word' id='word_1_7' title='bbox 796 880 830 942; x_wconf 92' lang='lat' dir='ltr'>in</span> <span class='ocrx_word' id='word_1_8' title='bbox 852 879 908 942; x_wconf 91' lang='lat' dir='ltr'>tali</span> <span class='ocrx_word' id='word_1_9' title='bbox 933 879 1103 944; x_wconf 88' lang='lat' dir='ltr'>sententia:</span> <span class='ocrx_word' id='word_1_10' title='bbox 1132 877 1363 960; x_wconf 72' lang='lat' dir='ltr'>„Victoriaao</span> 
     </span>
     <span class='ocr_line' id='line_1_3' title="bbox 241 989 1369 1077; baseline -0.002 -21"><span class='ocrx_word' id='word_1_11' title='bbox 241 992 407 1077; x_wconf 87' lang='lat' dir='ltr'>Megacles,</span> <span class='ocrx_word' id='word_1_12' title='bbox 429 998 598 1057; x_wconf 89' lang='lat' dir='ltr'>vostrae</span> <span class='ocrx_word' id='word_1_13' title='bbox 621 998 652 1056; x_wconf 88' lang='lat' dir='ltr'>et</span> <span class='ocrx_word' id='word_1_14' title='bbox 675 991 863 1055; x_wconf 88' lang='lat' dir='ltr'>maiorum.’&#39;</span> <span class='ocrx_word' id='word_1_15' title='bbox 883 990 967 1055; x_wconf 89' lang='lat' dir='ltr'>Dare</span> <span class='ocrx_word' id='word_1_16' title='bbox 986 992 1119 1056; x_wconf 86' lang='lat' dir='ltr'>fortasse</span> <span class='ocrx_word' id='word_1_17' title='bbox 1139 997 1280 1074; x_wconf 91' lang='lat' dir='ltr'>poteram</span> <span class='ocrx_word' id='word_1_18' title='bbox 1293 989 1369 1067; x_wconf 75' lang='grc' dir='ltr'><strong><em>ὑμοιί</em></strong></span> 
     </span>
     <span class='ocr_line' id='line_1_4' title="bbox 242 1101 1364 1188; baseline -0.002 -18"><span class='ocrx_word' id='word_1_19' title='bbox 242 1106 366 1170; x_wconf 90' lang='lat' dir='ltr'>solitam</span> <span class='ocrx_word' id='word_1_20' title='bbox 396 1107 463 1169; x_wconf 85' lang='lat' dir='ltr'>vim</span> <span class='ocrx_word' id='word_1_21' title='bbox 491 1104 616 1188; x_wconf 90' lang='lat' dir='ltr'>habere,</span> <span class='ocrx_word' id='word_1_22' title='bbox 641 1107 668 1168; x_wconf 92' lang='lat' dir='ltr'>si</span> <span class='ocrx_word' id='word_1_23' title='bbox 692 1104 789 1169; x_wconf 88' lang='lat' dir='ltr'>verba</span> <span class='ocrx_word' id='word_1_24' title='bbox 812 1128 845 1167; x_wconf 86' lang='grc' dir='ltr'>σε</span> <span class='ocrx_word' id='word_1_25' title='bbox 868 1103 920 1168; x_wconf 75' lang='lat' dir='ltr'>cal</span> <span class='ocrx_word' id='word_1_26' title='bbox 944 1101 1086 1184; x_wconf 69' lang='grc' dir='ltr'><strong><em>προγόνων</em></strong></span> <span class='ocrx_word' id='word_1_27' title='bbox 1111 1103 1267 1186; x_wconf 84' lang='lat' dir='ltr'>abessent,</span> <span class='ocrx_word' id='word_1_28' title='bbox 1290 1125 1364 1168; x_wconf 91' lang='lat' dir='ltr'>nam</span> 
     </span>
     <span class='ocr_line' id='line_1_5' title="bbox 240 1205 1368 1302; baseline -0.003 -20"><span class='ocrx_word' id='word_1_29' title='bbox 240 1205 285 1282; x_wconf 89' lang='lat' dir='ltr'>ita</span> <span class='ocrx_word' id='word_1_30' title='bbox 317 1238 491 1302; x_wconf 85' lang='lat' dir='ltr'>pronomen</span> <span class='ocrx_word' id='word_1_31' title='bbox 529 1219 626 1282; x_wconf 89' lang='lat' dir='ltr'>simul</span> <span class='ocrx_word' id='word_1_32' title='bbox 659 1217 825 1301; x_wconf 77' lang='lat' dir='ltr'>complecti</span> <span class='ocrx_word' id='word_1_33' title='bbox 856 1219 1014 1282; x_wconf 89' lang='lat' dir='ltr'>maiorum</span> <span class='ocrx_word' id='word_1_34' title='bbox 1045 1218 1182 1282; x_wconf 91' lang='lat' dir='ltr'>honores</span> <span class='ocrx_word' id='word_1_35' title='bbox 1209 1219 1368 1301; x_wconf 88' lang='lat' dir='ltr'>suspicari</span> 
     </span>
     <span class='ocr_line' id='line_1_6' title="bbox 243 1331 1365 1416; baseline -0.002 -20"><span class='ocrx_word' id='word_1_36' title='bbox 243 1333 354 1396; x_wconf 90' lang='lat' dir='ltr'>saltem</span> <span class='ocrx_word' id='word_1_37' title='bbox 383 1350 568 1416; x_wconf 77' lang='lat' dir='ltr'>possemus,</span> <span class='ocrx_word' id='word_1_38' title='bbox 592 1331 765 1396; x_wconf 90' lang='lat' dir='ltr'>concedere</span> <span class='ocrx_word' id='word_1_39' title='bbox 786 1331 870 1394; x_wconf 86' lang='lat' dir='ltr'>idem</span> <span class='ocrx_word' id='word_1_40' title='bbox 891 1338 1042 1415; x_wconf 90' lang='lat' dir='ltr'>poteram,</span> <span class='ocrx_word' id='word_1_41' title='bbox 1066 1333 1094 1395; x_wconf 90' lang='lat' dir='ltr'>si</span> <span class='ocrx_word' id='word_1_42' title='bbox 1116 1337 1240 1414; x_wconf 91' lang='lat' dir='ltr'>praeter</span> <span class='ocrx_word' id='word_1_43' title='bbox 1258 1331 1365 1415; x_wconf 88' lang='lat' dir='ltr'>Mega-</span> 
     </span>
     <span class='ocr_line' id='line_1_7' title="bbox 243 1443 1367 1527; baseline -0.001 -19"><span class='ocrx_word' id='word_1_44' title='bbox 243 1444 324 1509; x_wconf 93' lang='lat' dir='ltr'>olem</span> <span class='ocrx_word' id='word_1_45' title='bbox 353 1446 388 1507; x_wconf 90' lang='lat' dir='ltr'>in</span> <span class='ocrx_word' id='word_1_46' title='bbox 419 1445 480 1508; x_wconf 89' lang='lat' dir='ltr'>hac</span> <span class='ocrx_word' id='word_1_47' title='bbox 502 1445 561 1507; x_wconf 91' lang='lat' dir='ltr'>ode</span> <span class='ocrx_word' id='word_1_48' title='bbox 583 1444 696 1509; x_wconf 85' lang='lat' dir='ltr'>fratres</span> <span class='ocrx_word' id='word_1_49' title='bbox 721 1445 790 1508; x_wconf 89' lang='lat' dir='ltr'>eius</span> <span class='ocrx_word' id='word_1_50' title='bbox 813 1449 869 1507; x_wconf 90' lang='lat' dir='ltr'>ant</span> <span class='ocrx_word' id='word_1_51' title='bbox 893 1445 1133 1527; x_wconf 79' lang='lat' dir='ltr'>consanguinei,</span> <span class='ocrx_word' id='word_1_52' title='bbox 1155 1448 1192 1508; x_wconf 89' lang='lat' dir='ltr'>ut</span> <span class='ocrx_word' id='word_1_53' title='bbox 1216 1463 1309 1527; x_wconf 87' lang='lat' dir='ltr'>saepe</span> <span class='ocrx_word' id='word_1_54' title='bbox 1331 1443 1367 1507; x_wconf 93' lang='lat' dir='ltr'>fit</span> 
     </span>
     <span class='ocr_line' id='line_1_8' title="bbox 243 1555 1367 1638; baseline -0.002 -18"><span class='ocrx_word' id='word_1_55' title='bbox 243 1577 262 1620; x_wconf 92' lang='lat' dir='ltr'>a</span> <span class='ocrx_word' id='word_1_56' title='bbox 290 1555 438 1638; x_wconf 75' lang='lat' dir='ltr'>Ptndaro,</span> <span class='ocrx_word' id='word_1_57' title='bbox 469 1555 714 1633; x_wconf 77' lang='lat' dir='ltr'>celebrarentur,</span> <span class='ocrx_word' id='word_1_58' title='bbox 748 1556 813 1638; x_wconf 93' lang='lat' dir='ltr'>sed,</span> <span class='ocrx_word' id='word_1_59' title='bbox 837 1560 873 1620; x_wconf 91' lang='lat' dir='ltr'>ut</span> <span class='ocrx_word' id='word_1_60' title='bbox 895 1575 984 1619; x_wconf 91' lang='lat' dir='ltr'>nunc</span> <span class='ocrx_word' id='word_1_61' title='bbox 1007 1574 1058 1619; x_wconf 90' lang='lat' dir='ltr'>res</span> <span class='ocrx_word' id='word_1_62' title='bbox 1082 1575 1151 1620; x_wconf 89' lang='lat' dir='ltr'>sese</span> <span class='ocrx_word' id='word_1_63' title='bbox 1175 1555 1279 1638; x_wconf 90' lang='lat' dir='ltr'>habet,</span> <span class='ocrx_word' id='word_1_64' title='bbox 1302 1576 1367 1618; x_wconf 92' lang='lat' dir='ltr'>non</span> 
     </span>
     <span class='ocr_line' id='line_1_9' title="bbox 243 1667 1367 1754; baseline 0.002 -22"><span class='ocrx_word' id='word_1_65' title='bbox 243 1670 335 1734; x_wconf 90' lang='lat' dir='ltr'>video</span> <span class='ocrx_word' id='word_1_66' title='bbox 359 1688 423 1754; x_wconf 88' lang='lat' dir='ltr'>quo</span> <span class='ocrx_word' id='word_1_67' title='bbox 447 1673 538 1754; x_wconf 91' lang='lat' dir='ltr'>pacto</span> <span class='ocrx_word' id='word_1_68' title='bbox 562 1689 717 1753; x_wconf 81' lang='lat' dir='ltr'>negemus</span> <span class='ocrx_word' id='word_1_69' title='bbox 739 1674 865 1753; x_wconf 85' lang='lat' dir='ltr'>poetam</span> <span class='ocrx_word' id='word_1_70' title='bbox 889 1669 1074 1752; x_wconf 86' lang='lat' dir='ltr'>simpliciter</span> <span class='ocrx_word' id='word_1_71' title='bbox 1099 1667 1171 1746; x_wconf 77' lang='grc' dir='ltr'>ὑμος</span> <span class='ocrx_word' id='word_1_72' title='bbox 1194 1689 1367 1753; x_wconf 83' lang='lat' dir='ltr'>usurpasse</span> 
     </span>
     <span class='ocr_line' id='line_1_10' title="bbox 243 1777 1368 1864; baseline 0.003 -21"><span class='ocrx_word' id='word_1_73' title='bbox 243 1800 300 1864; x_wconf 93' lang='lat' dir='ltr'>pro</span> <span class='ocrx_word' id='word_1_74' title='bbox 324 1777 382 1852; x_wconf 86' lang='grc' dir='ltr'>σοί.</span> <span class='ocrx_word' id='word_1_75' title='bbox 407 1780 491 1845; x_wconf 89' lang='lat' dir='ltr'>Nam</span> <span class='ocrx_word' id='word_1_76' title='bbox 511 1781 629 1845; x_wconf 89' lang='lat' dir='ltr'>durum</span> <span class='ocrx_word' id='word_1_77' title='bbox 652 1787 700 1846; x_wconf 92' lang='lat' dir='ltr'>est</span> <span class='ocrx_word' id='word_1_78' title='bbox 722 1801 796 1846; x_wconf 91' lang='lat' dir='ltr'>oum</span> <span class='ocrx_word' id='word_1_79' title='bbox 819 1781 979 1846; x_wconf 86' lang='lat' dir='ltr'>Boeclrhio</span> <span class='ocrx_word' id='word_1_80' title='bbox 1000 1782 1039 1846; x_wconf 93' lang='lat' dir='ltr'>de</span> <span class='ocrx_word' id='word_1_81' title='bbox 1060 1781 1368 1848; x_wconf 87' lang='lat' dir='ltr'>omnibusAlcmae·</span> 
     </span>
     <span class='ocr_line' id='line_1_11' title="bbox 245 1893 1369 1978; baseline 0 -20"><span class='ocrx_word' id='word_1_82' title='bbox 245 1894 349 1958; x_wconf 89' lang='lat' dir='ltr'>onidis</span> <span class='ocrx_word' id='word_1_83' title='bbox 379 1893 530 1977; x_wconf 91' lang='lat' dir='ltr'>Megaclis</span> <span class='ocrx_word' id='word_1_84' title='bbox 561 1893 757 1978; x_wconf 82' lang='lat' dir='ltr'>aequalibus,</span> <span class='ocrx_word' id='word_1_85' title='bbox 788 1913 925 1978; x_wconf 91' lang='lat' dir='ltr'>quorum</span> <span class='ocrx_word' id='word_1_86' title='bbox 957 1913 1052 1957; x_wconf 92' lang='lat' dir='ltr'>nemo</span> <span class='ocrx_word' id='word_1_87' title='bbox 1082 1896 1117 1957; x_wconf 89' lang='lat' dir='ltr'>in</span> <span class='ocrx_word' id='word_1_88' title='bbox 1139 1899 1205 1958; x_wconf 88' lang='lat' dir='ltr'>toto</span> <span class='ocrx_word' id='word_1_89' title='bbox 1228 1896 1369 1958; x_wconf 87' lang='lat' dir='ltr'>carmine</span> 
     </span>
     <span class='ocr_line' id='line_1_12' title="bbox 244 2005 1368 2090; baseline 0 -20"><span class='ocrx_word' id='word_1_90' title='bbox 244 2012 520 2090; x_wconf 87' lang='lat' dir='ltr'>commemoratur,</span> <span class='ocrx_word' id='word_1_91' title='bbox 540 2026 719 2072; x_wconf 89' lang='lat' dir='ltr'>sermonem</span> <span class='ocrx_word' id='word_1_92' title='bbox 738 2026 808 2071; x_wconf 89' lang='lat' dir='ltr'>csse</span> <span class='ocrx_word' id='word_1_93' title='bbox 826 2012 972 2071; x_wconf 90' lang='lat' dir='ltr'>statuere.</span> <span class='ocrx_word' id='word_1_94' title='bbox 987 2005 1197 2071; x_wconf 81' lang='lat' dir='ltr'>Controversa</span> <span class='ocrx_word' id='word_1_95' title='bbox 1210 2012 1259 2071; x_wconf 91' lang='lat' dir='ltr'>est</span> <span class='ocrx_word' id='word_1_96' title='bbox 1270 2009 1368 2070; x_wconf 87' lang='lat' dir='ltr'>intar-</span> 
     </span>
     <span class='ocr_line' id='line_1_13' title="bbox 243 2117 1365 2203; baseline 0.001 -21"><span class='ocrx_word' id='word_1_97' title='bbox 243 2121 376 2203; x_wconf 89' lang='lat' dir='ltr'>pretatio</span> <span class='ocrx_word' id='word_1_98' title='bbox 399 2120 543 2184; x_wconf 91' lang='lat' dir='ltr'>locorum</span> <span class='ocrx_word' id='word_1_99' title='bbox 566 2120 591 2182; x_wconf 91' lang='grc' dir='ltr'>Ι.</span> <span class='ocrx_word' id='word_1_100' title='bbox 613 2119 663 2182; x_wconf 90' lang='grc' dir='ltr'>ΠΙ</span> <span class='ocrx_word' id='word_1_101' title='bbox 686 2120 736 2181; x_wconf 86' lang='grc'>21.</span> <span class='ocrx_word' id='word_1_102' title='bbox 760 2117 799 2182; x_wconf 88' lang='lat' dir='ltr'>N.</span> <span class='ocrx_word' id='word_1_103' title='bbox 822 2119 873 2182; x_wconf 94' lang='grc' dir='ltr'>ΙΠ</span> <span class='ocrx_word' id='word_1_104' title='bbox 897 2119 925 2182; x_wconf 94' lang='grc'>1.</span> <span class='ocrx_word' id='word_1_105' title='bbox 948 2118 987 2183; x_wconf 92' lang='grc' dir='ltr'>Ν.</span> <span class='ocrx_word' id='word_1_106' title='bbox 1010 2117 1045 2182; x_wconf 90' lang='grc' dir='ltr'>Χ</span> <span class='ocrx_word' id='word_1_107' title='bbox 1067 2120 1117 2196; x_wconf 80' lang='grc'>37,</span> <span class='ocrx_word' id='word_1_108' title='bbox 1143 2138 1223 2202; x_wconf 91' lang='lat' dir='ltr'>quos</span> <span class='ocrx_word' id='word_1_109' title='bbox 1251 2119 1365 2183; x_wconf 89' lang='lat' dir='ltr'>deinde</span> 
     </span>
     <span class='ocr_line' id='line_1_14' title="bbox 244 2232 1368 2316; baseline -0.005 -16"><span class='ocrx_word' id='word_1_110' title='bbox 244 2232 351 2302; x_wconf 86' lang='lat' dir='ltr'>Nabar</span> <span class='ocrx_word' id='word_1_111' title='bbox 379 2235 415 2296; x_wconf 92' lang='lat' dir='ltr'>in</span> <span class='ocrx_word' id='word_1_112' title='bbox 445 2232 541 2296; x_wconf 91' lang='lat' dir='ltr'>fidem</span> <span class='ocrx_word' id='word_1_113' title='bbox 563 2252 675 2297; x_wconf 90' lang='lat' dir='ltr'>eorum</span> <span class='ocrx_word' id='word_1_114' title='bbox 698 2251 779 2316; x_wconf 88' lang='lat' dir='ltr'>quae</span> <span class='ocrx_word' id='word_1_115' title='bbox 803 2234 915 2297; x_wconf 89' lang='lat' dir='ltr'>asserit</span> <span class='ocrx_word' id='word_1_116' title='bbox 938 2232 1081 2314; x_wconf 89' lang='lat' dir='ltr'>contulit,</span> <span class='ocrx_word' id='word_1_117' title='bbox 1104 2252 1180 2296; x_wconf 91' lang='lat' dir='ltr'>nam</span> <span class='ocrx_word' id='word_1_118' title='bbox 1204 2251 1297 2296; x_wconf 91' lang='lat' dir='ltr'>nemo</span> <span class='ocrx_word' id='word_1_119' title='bbox 1323 2232 1368 2295; x_wconf 89' lang='lat' dir='ltr'>ibi</span> 
     </span>
     <span class='ocr_line' id='line_1_15' title="bbox 245 2343 1368 2430; baseline -0.001 -21"><span class='ocrx_word' id='word_1_120' title='bbox 245 2365 316 2430; x_wconf 89' lang='lat' dir='ltr'>pro</span> <span class='ocrx_word' id='word_1_121' title='bbox 347 2351 462 2411; x_wconf 92' lang='lat' dir='ltr'>certo</span> <span class='ocrx_word' id='word_1_122' title='bbox 494 2346 727 2410; x_wconf 82' lang='lat' dir='ltr'>affirmarit</span> <span class='ocrx_word' id='word_1_123' title='bbox 749 2351 874 2429; x_wconf 87' lang='lat' dir='ltr'>poetam</span> <span class='ocrx_word' id='word_1_124' title='bbox 898 2344 1034 2424; x_wconf 71' lang='grc' dir='ltr'>ὑμέτερος</span> <span class='ocrx_word' id='word_1_125' title='bbox 1057 2351 1088 2408; x_wconf 89' lang='lat' dir='ltr'>et</span> <span class='ocrx_word' id='word_1_126' title='bbox 1110 2343 1251 2424; x_wconf 77' lang='grc' dir='ltr'><strong><em>ιῑμέσερος</em></strong></span> <span class='ocrx_word' id='word_1_127' title='bbox 1276 2345 1368 2409; x_wconf 89' lang='lat' dir='ltr'>solita</span> 
     </span>
     <span class='ocr_line' id='line_1_16' title="bbox 245 2459 1369 2544; baseline 0.001 -22"><span class='ocrx_word' id='word_1_128' title='bbox 245 2461 279 2522; x_wconf 89' lang='lat' dir='ltr'>vi</span> <span class='ocrx_word' id='word_1_129' title='bbox 309 2479 491 2544; x_wconf 89' lang='lat' dir='ltr'>usurpasse,</span> <span class='ocrx_word' id='word_1_130' title='bbox 513 2459 588 2523; x_wconf 86' lang='lat' dir='ltr'>licet</span> <span class='ocrx_word' id='word_1_131' title='bbox 613 2459 724 2543; x_wconf 90' lang='lat' dir='ltr'>procul</span> <span class='ocrx_word' id='word_1_132' title='bbox 747 2459 859 2541; x_wconf 89' lang='lat' dir='ltr'>absim,</span> <span class='ocrx_word' id='word_1_133' title='bbox 882 2466 918 2523; x_wconf 93' lang='lat' dir='ltr'>ut</span> <span class='ocrx_word' id='word_1_134' title='bbox 940 2479 1016 2523; x_wconf 90' lang='lat' dir='ltr'>eum</span> <span class='ocrx_word' id='word_1_135' title='bbox 1038 2459 1073 2522; x_wconf 93' lang='lat' dir='ltr'>id</span> <span class='ocrx_word' id='word_1_136' title='bbox 1094 2459 1207 2523; x_wconf 86' lang='lat' dir='ltr'>fecisse</span> <span class='ocrx_word' id='word_1_137' title='bbox 1230 2460 1369 2542; x_wconf 89' lang='lat' dir='ltr'>pertina-</span> 
     </span>
     <span class='ocr_line' id='line_1_17' title="bbox 247 2572 1371 2657; baseline 0 -21"><span class='ocrx_word' id='word_1_138' title='bbox 247 2574 324 2637; x_wconf 90' lang='lat' dir='ltr'>citer</span> <span class='ocrx_word' id='word_1_139' title='bbox 352 2592 483 2657; x_wconf 83' lang='lat' dir='ltr'>negem:</span> <span class='ocrx_word' id='word_1_140' title='bbox 513 2573 574 2636; x_wconf 94' lang='lat' dir='ltr'>hoc</span> <span class='ocrx_word' id='word_1_141' title='bbox 596 2572 670 2636; x_wconf 88' lang='lat' dir='ltr'>volo</span> <span class='ocrx_word' id='word_1_142' title='bbox 694 2572 779 2636; x_wconf 89' lang='lat' dir='ltr'>locos</span> <span class='ocrx_word' id='word_1_143' title='bbox 802 2591 872 2637; x_wconf 87' lang='lat' dir='ltr'>asse</span> <span class='ocrx_word' id='word_1_144' title='bbox 895 2573 1061 2654; x_wconf 91' lang='lat' dir='ltr'>eiusmodi,</span> <span class='ocrx_word' id='word_1_145' title='bbox 1084 2577 1121 2635; x_wconf 91' lang='lat' dir='ltr'>ut</span> <span class='ocrx_word' id='word_1_146' title='bbox 1144 2572 1271 2635; x_wconf 93' lang='lat' dir='ltr'>nullum</span> <span class='ocrx_word' id='word_1_147' title='bbox 1295 2572 1371 2636; x_wconf 89' lang='lat' dir='ltr'>inde</span> 
     </span>
     <span class='ocr_line' id='line_1_18' title="bbox 246 2685 1364 2770; baseline 0.001 -22"><span class='ocrx_word' id='word_1_148' title='bbox 246 2691 474 2770; x_wconf 87' lang='lat' dir='ltr'>argumentum</span> <span class='ocrx_word' id='word_1_149' title='bbox 496 2687 632 2750; x_wconf 87' lang='lat' dir='ltr'>derivari</span> <span class='ocrx_word' id='word_1_150' title='bbox 652 2690 749 2770; x_wconf 90' lang='lat' dir='ltr'>queat</span> <span class='ocrx_word' id='word_1_151' title='bbox 768 2687 809 2750; x_wconf 93' lang='lat' dir='ltr'>ad</span> <span class='ocrx_word' id='word_1_152' title='bbox 828 2685 1049 2750; x_wconf 87' lang='lat' dir='ltr'>stabiliendam</span> <span class='ocrx_word' id='word_1_153' title='bbox 1068 2687 1161 2749; x_wconf 90' lang='lat' dir='ltr'>amici</span> <span class='ocrx_word' id='word_1_154' title='bbox 1174 2686 1364 2750; x_wconf 88' lang='lat' dir='ltr'>sententiam</span> 
     </span>
     <span class='ocr_line' id='line_1_19' title="bbox 248 2798 1371 2884; baseline 0 -20"><span class='ocrx_word' id='word_1_155' title='bbox 248 2800 378 2864; x_wconf 91' lang='lat' dir='ltr'>deloco</span> <span class='ocrx_word' id='word_1_156' title='bbox 401 2800 436 2864; x_wconf 90' lang='lat' dir='ltr'>P.</span> <span class='ocrx_word' id='word_1_157' title='bbox 459 2798 525 2863; x_wconf 86' lang='lat' dir='ltr'>VII</span> <span class='ocrx_word' id='word_1_158' title='bbox 548 2800 599 2883; x_wconf 75' lang='lat'>17,</span> <span class='ocrx_word' id='word_1_159' title='bbox 621 2819 681 2864; x_wconf 87' lang='lat' dir='ltr'>nec</span> <span class='ocrx_word' id='word_1_160' title='bbox 704 2800 805 2883; x_wconf 90' lang='lat' dir='ltr'>magis</span> <span class='ocrx_word' id='word_1_161' title='bbox 830 2800 1004 2883; x_wconf 88' lang='lat' dir='ltr'>quidquam</span> <span class='ocrx_word' id='word_1_162' title='bbox 1024 2800 1100 2863; x_wconf 91' lang='lat' dir='ltr'>huic</span> <span class='ocrx_word' id='word_1_163' title='bbox 1121 2800 1263 2883; x_wconf 89' lang='lat' dir='ltr'>opinioni</span> <span class='ocrx_word' id='word_1_164' title='bbox 1282 2817 1371 2884; x_wconf 87' lang='lat' dir='ltr'>prae·</span> 
     </span>
     <span class='ocr_line' id='line_1_20' title="bbox 248 2911 1370 2978; baseline -0.004 0"><span class='ocrx_word' id='word_1_165' title='bbox 248 2913 321 2978; x_wconf 90' lang='lat' dir='ltr'>sidii</span> <span class='ocrx_word' id='word_1_166' title='bbox 351 2915 453 2978; x_wconf 91' lang='lat' dir='ltr'>estin</span> <span class='ocrx_word' id='word_1_167' title='bbox 475 2913 554 2978; x_wconf 88' lang='lat' dir='ltr'>locis</span> <span class='ocrx_word' id='word_1_168' title='bbox 577 2913 616 2976; x_wconf 89' lang='lat' dir='ltr'>N.</span> <span class='ocrx_word' id='word_1_169' title='bbox 639 2912 704 2976; x_wconf 82' lang='lat' dir='ltr'>Vll</span> <span class='ocrx_word' id='word_1_170' title='bbox 727 2913 767 2976; x_wconf 84' lang='grc'>37</span> <span class='ocrx_word' id='word_1_171' title='bbox 792 2919 823 2978; x_wconf 94' lang='lat' dir='ltr'>et</span> <span class='ocrx_word' id='word_1_172' title='bbox 844 2913 869 2976; x_wconf 93' lang='lat' dir='ltr'>I.</span> <span class='ocrx_word' id='word_1_173' title='bbox 891 2911 940 2975; x_wconf 89' lang='lat' dir='ltr'>IV</span> <span class='ocrx_word' id='word_1_174' title='bbox 965 2913 1014 2975; x_wconf 87' lang='lat'>18.</span> <span class='ocrx_word' id='word_1_175' title='bbox 1040 2911 1101 2977; x_wconf 81' lang='lat' dir='ltr'>Sed</span> <span class='ocrx_word' id='word_1_176' title='bbox 1126 2913 1180 2976; x_wconf 90' lang='lat' dir='ltr'>alii</span> <span class='ocrx_word' id='word_1_177' title='bbox 1208 2917 1286 2978; x_wconf 90' lang='lat' dir='ltr'>sunt</span> <span class='ocrx_word' id='word_1_178' title='bbox 1307 2912 1370 2976; x_wconf 93' lang='lat' dir='ltr'>loci</span> 
     </span>
     <span class='ocr_line' id='line_1_21' title="bbox 248 3025 1371 3112; baseline 0 -22"><span class='ocrx_word' id='word_1_179' title='bbox 248 3026 417 3110; x_wconf 89' lang='lat' dir='ltr'>Pindarici,</span> <span class='ocrx_word' id='word_1_180' title='bbox 450 3027 586 3112; x_wconf 84' lang='lat' dir='ltr'>neglecti</span> <span class='ocrx_word' id='word_1_181' title='bbox 628 3047 647 3090; x_wconf 91' lang='lat' dir='ltr'>a</span> <span class='ocrx_word' id='word_1_182' title='bbox 680 3025 815 3109; x_wconf 88' lang='lat' dir='ltr'>Nabaro,</span> <span class='ocrx_word' id='word_1_183' title='bbox 851 3026 908 3090; x_wconf 92' lang='lat' dir='ltr'>ubi</span> <span class='ocrx_word' id='word_1_184' title='bbox 943 3028 1051 3090; x_wconf 91' lang='lat' dir='ltr'>minus</span> <span class='ocrx_word' id='word_1_185' title='bbox 1085 3031 1289 3091; x_wconf 84' lang='lat' dir='ltr'>controversa</span> <span class='ocrx_word' id='word_1_186' title='bbox 1323 3029 1371 3090; x_wconf 91' lang='lat' dir='ltr'>est</span> 
     </span>
     <span class='ocr_line' id='line_1_22' title="bbox 248 3136 1369 3226; baseline 0.001 -23"><span class='ocrx_word' id='word_1_187' title='bbox 248 3141 472 3226; x_wconf 82' lang='lat' dir='ltr'>interpretatio.</span> <span class='ocrx_word' id='word_1_188' title='bbox 503 3140 587 3204; x_wconf 88' lang='lat' dir='ltr'>Nam</span> <span class='ocrx_word' id='word_1_189' title='bbox 617 3140 652 3204; x_wconf 90' lang='lat' dir='ltr'>P.</span> <span class='ocrx_word' id='word_1_190' title='bbox 676 3139 724 3203; x_wconf 89' lang='lat' dir='ltr'>IV</span> <span class='ocrx_word' id='word_1_191' title='bbox 749 3141 789 3202; x_wconf 74' lang='lat'>27</span> <span class='ocrx_word' id='word_1_192' title='bbox 813 3137 933 3203; x_wconf 79' lang='grc' dir='ltr'><strong><em>εἰνοὶλιον</em></strong></span> <span class='ocrx_word' id='word_1_193' title='bbox 957 3136 1019 3219; x_wconf 74' lang='grc' dir='ltr'><strong><em>δορυ</em></strong></span> <span class='ocrx_word' id='word_1_194' title='bbox 1043 3140 1210 3216; x_wconf 73' lang='grc' dir='ltr'><strong><em>μήδεσιν</em></strong></span> <span class='ocrx_word' id='word_1_195' title='bbox 1234 3138 1369 3204; x_wconf 66' lang='lat' dir='ltr'>avana-</span> 
     </span>
     <span class='ocr_line' id='line_1_23' title="bbox 249 3254 1373 3338; baseline 0 -20"><span class='ocrx_word' id='word_1_196' title='bbox 249 3279 355 3329; x_wconf 78' lang='grc' dir='ltr'><strong><em>σιινσες</em></strong></span> <span class='ocrx_word' id='word_1_197' title='bbox 386 3255 507 3336; x_wconf 57' lang='lat' dir='ltr'>alpolt</span> <span class='ocrx_word' id='word_1_198' title='bbox 536 3255 680 3320; x_wconf 87' lang='lat' dir='ltr'>Medeam</span> <span class='ocrx_word' id='word_1_199' title='bbox 712 3256 751 3320; x_wconf 91' lang='lat' dir='ltr'>de</span> <span class='ocrx_word' id='word_1_200' title='bbox 779 3257 869 3320; x_wconf 89' lang='lat' dir='ltr'>suis</span> <span class='ocrx_word' id='word_1_201' title='bbox 893 3255 1032 3318; x_wconf 90' lang='lat' dir='ltr'>solius</span> <span class='ocrx_word' id='word_1_202' title='bbox 1056 3254 1259 3318; x_wconf 89' lang='lat' dir='ltr'>consiliis</span> <span class='ocrx_word' id='word_1_203' title='bbox 1282 3255 1373 3338; x_wconf 88' lang='lat' dir='ltr'>loqui</span> 
     </span>
     <span class='ocr_line' id='line_1_24' title="bbox 250 3367 1369 3449; baseline 0 -16"><span class='ocrx_word' id='word_1_204' title='bbox 250 3371 300 3435; x_wconf 85' lang='lat' dir='ltr'>vel</span> <span class='ocrx_word' id='word_1_205' title='bbox 323 3389 415 3434; x_wconf 88' lang='lat' dir='ltr'>cacco</span> <span class='ocrx_word' id='word_1_206' title='bbox 439 3370 644 3434; x_wconf 88' lang='lat' dir='ltr'>manifestum</span> <span class='ocrx_word' id='word_1_207' title='bbox 667 3375 723 3434; x_wconf 89' lang='lat' dir='ltr'>est.</span> <span class='ocrx_word' id='word_1_208' title='bbox 747 3368 899 3434; x_wconf 85' lang='lat' dir='ltr'>Similiter</span> <span class='ocrx_word' id='word_1_209' title='bbox 921 3367 959 3432; x_wconf 90' lang='lat' dir='ltr'>N.</span> <span class='ocrx_word' id='word_1_210' title='bbox 979 3368 1030 3432; x_wconf 90' lang='lat' dir='ltr'>III</span> <span class='ocrx_word' id='word_1_211' title='bbox 1051 3370 1069 3432; x_wconf 87' lang='grc'>9</span> <span class='ocrx_word' id='word_1_212' title='bbox 1091 3369 1187 3434; x_wconf 88' lang='lat' dir='ltr'>verba</span> <span class='ocrx_word' id='word_1_213' title='bbox 1206 3368 1369 3449; x_wconf 75' lang='grc' dir='ltr'><strong><em>σιῖςσὶφθο-</em></strong></span> 
     </span>
     <span class='ocr_line' id='line_1_25' title="bbox 250 3481 1370 3567; baseline -0.001 -20"><span class='ocrx_word' id='word_1_214' title='bbox 250 3484 311 3548; x_wconf 86' lang='grc' dir='ltr'><strong><em>νίιιν</em></strong></span> <span class='ocrx_word' id='word_1_215' title='bbox 345 3481 439 3564; x_wconf 55' lang='lat' dir='ltr'>drage</span> <span class='ocrx_word' id='word_1_216' title='bbox 467 3482 570 3561; x_wconf 74' lang='grc' dir='ltr'><strong><em>μήτιος</em></strong></span> <span class='ocrx_word' id='word_1_217' title='bbox 600 3483 708 3560; x_wconf 69' lang='grc' dir='ltr'><strong><em>σιροῖς</em></strong></span> <span class='ocrx_word' id='word_1_218' title='bbox 740 3481 799 3547; x_wconf 72' lang='lat' dir='ltr'>ebro</span> <span class='ocrx_word' id='word_1_219' title='bbox 830 3504 894 3548; x_wconf 90' lang='lat' dir='ltr'>non</span> <span class='ocrx_word' id='word_1_220' title='bbox 920 3484 959 3547; x_wconf 93' lang='lat' dir='ltr'>de</span> <span class='ocrx_word' id='word_1_221' title='bbox 981 3484 1083 3567; x_wconf 89' lang='lat' dir='ltr'>poetis</span> <span class='ocrx_word' id='word_1_222' title='bbox 1106 3484 1142 3546; x_wconf 89' lang='lat' dir='ltr'>in</span> <span class='ocrx_word' id='word_1_223' title='bbox 1163 3502 1290 3567; x_wconf 86' lang='lat' dir='ltr'>genere,</span> <span class='ocrx_word' id='word_1_224' title='bbox 1313 3483 1370 3548; x_wconf 89' lang='lat' dir='ltr'>sed</span> 
     </span>
     <span class='ocr_line' id='line_1_26' title="bbox 252 3596 1374 3682; baseline -0.001 -20"><span class='ocrx_word' id='word_1_225' title='bbox 252 3598 291 3662; x_wconf 92' lang='lat' dir='ltr'>de</span> <span class='ocrx_word' id='word_1_226' title='bbox 314 3597 381 3663; x_wconf 91' lang='lat' dir='ltr'>solo</span> <span class='ocrx_word' id='word_1_227' title='bbox 405 3598 553 3679; x_wconf 91' lang='lat' dir='ltr'>Pindaro,</span> <span class='ocrx_word' id='word_1_228' title='bbox 576 3600 633 3682; x_wconf 91' lang='lat' dir='ltr'>qui</span> <span class='ocrx_word' id='word_1_229' title='bbox 656 3598 795 3682; x_wconf 91' lang='lat' dir='ltr'>amplum</span> <span class='ocrx_word' id='word_1_230' title='bbox 823 3599 994 3661; x_wconf 88' lang='lat' dir='ltr'>meditatur</span> <span class='ocrx_word' id='word_1_231' title='bbox 1014 3616 1151 3680; x_wconf 90' lang='lat' dir='ltr'>carmen,</span> <span class='ocrx_word' id='word_1_232' title='bbox 1162 3596 1374 3682; x_wconf 88' lang='lat' dir='ltr'>intellegenda</span> 
     </span>
     <span class='ocr_line' id='line_1_27' title="bbox 252 3709 1373 3794; baseline -0.002 -17"><span class='ocrx_word' id='word_1_233' title='bbox 252 3715 337 3794; x_wconf 88' lang='lat' dir='ltr'>sunt,</span> <span class='ocrx_word' id='word_1_234' title='bbox 367 3715 399 3776; x_wconf 89' lang='lat' dir='ltr'>et</span> <span class='ocrx_word' id='word_1_235' title='bbox 431 3712 519 3775; x_wconf 92' lang='lat' dir='ltr'>haud</span> <span class='ocrx_word' id='word_1_236' title='bbox 550 3710 647 3776; x_wconf 91' lang='lat' dir='ltr'>dubie</span> <span class='ocrx_word' id='word_1_237' title='bbox 677 3717 762 3775; x_wconf 88' lang='lat' dir='ltr'>recte</span> <span class='ocrx_word' id='word_1_238' title='bbox 784 3713 879 3776; x_wconf 85' lang='lat' dir='ltr'>vertit</span> <span class='ocrx_word' id='word_1_239' title='bbox 901 3709 1035 3775; x_wconf 90' lang='lat' dir='ltr'>Dissen:</span> <span class='ocrx_word' id='word_1_240' title='bbox 1060 3711 1187 3775; x_wconf 90' lang='lat' dir='ltr'>huius</span> <span class='ocrx_word' id='word_1_241' title='bbox 1210 3711 1373 3794; x_wconf 91' lang='lat' dir='ltr'>largam</span> 
     </span>
     <span class='ocr_line' id='line_1_28' title="bbox 252 3822 1375 3908; baseline -0.004 -18"><span class='ocrx_word' id='word_1_242' title='bbox 252 3826 410 3908; x_wconf 90' lang='lat' dir='ltr'>copiam</span> <span class='ocrx_word' id='word_1_243' title='bbox 433 3823 585 3908; x_wconf 89' lang='lat' dir='ltr'>praebe</span> <span class='ocrx_word' id='word_1_244' title='bbox 608 3844 657 3889; x_wconf 83' lang='lat' dir='ltr'>ex</span> <span class='ocrx_word' id='word_1_245' title='bbox 676 3829 812 3889; x_wconf 88' lang='lat' dir='ltr'>mente</span> <span class='ocrx_word' id='word_1_246' title='bbox 836 3843 928 3888; x_wconf 86' lang='lat' dir='ltr'>mea.</span> <span class='ocrx_word' id='word_1_247' title='bbox 951 3822 1039 3888; x_wconf 90' lang='lat' dir='ltr'>Num</span> <span class='ocrx_word' id='word_1_248' title='bbox 1062 3843 1137 3888; x_wconf 88' lang='lat' dir='ltr'>vero</span> <span class='ocrx_word' id='word_1_249' title='bbox 1160 3823 1198 3887; x_wconf 88' lang='lat' dir='ltr'>P.</span> <span class='ocrx_word' id='word_1_250' title='bbox 1221 3823 1273 3886; x_wconf 92' lang='lat' dir='ltr'>III</span> <span class='ocrx_word' id='word_1_251' title='bbox 1300 3825 1375 3907; x_wconf 87' lang='lat'>111,</span> 
     </span>
     <span class='ocr_line' id='line_1_29' title="bbox 252 3937 892 4022; baseline -0.003 -20"><span class='ocrx_word' id='word_1_252' title='bbox 252 3937 309 4002; x_wconf 93' lang='lat' dir='ltr'>ubi</span> <span class='ocrx_word' id='word_1_253' title='bbox 329 3940 505 4022; x_wconf 86' lang='lat' dir='ltr'>aegrotanti</span> <span class='ocrx_word' id='word_1_254' title='bbox 527 3937 663 4004; x_wconf 88' lang='lat' dir='ltr'>Hieroni</span> <span class='ocrx_word' id='word_1_255' title='bbox 686 3938 763 4002; x_wconf 90' lang='lat' dir='ltr'>dicit</span> <span class='ocrx_word' id='word_1_256' title='bbox 783 3942 892 4022; x_wconf 90' lang='lat' dir='ltr'>poeta:</span> 
     </span>
    </p>

    <p class='ocr_par' dir='ltr' id='par_1_3' title="bbox 385 4047 1204 4131">
     <span class='ocr_line' id='line_1_30' title="bbox 385 4047 1204 4131; baseline -0.001 -19"><span class='ocrx_word' id='word_1_257' title='bbox 385 4050 409 4113; x_wconf 76' lang='grc' dir='ltr'>εἷ</span> <span class='ocrx_word' id='word_1_258' title='bbox 432 4049 463 4114; x_wconf 77' lang='grc' dir='ltr'>δὲ</span> <span class='ocrx_word' id='word_1_259' title='bbox 485 4049 606 4131; x_wconf 81' lang='grc' dir='ltr'><strong><em>σώφρων</em></strong></span> <span class='ocrx_word' id='word_1_260' title='bbox 629 4049 728 4131; x_wconf 66' lang='grc' dir='ltr'><strong><em>ιἰνσρον</em></strong></span> <span class='ocrx_word' id='word_1_261' title='bbox 751 4047 820 4113; x_wconf 74' lang='grc' dir='ltr'><strong><em>ἔναι’</em></strong></span> <span class='ocrx_word' id='word_1_262' title='bbox 845 4047 889 4113; x_wconf 80' lang='grc' dir='ltr'>ἔτι</span> <span class='ocrx_word' id='word_1_263' title='bbox 915 4048 1026 4130; x_wconf 73' lang='grc' dir='ltr'><strong><em>Χείρων,</em></strong></span> <span class='ocrx_word' id='word_1_264' title='bbox 1051 4047 1102 4112; x_wconf 78' lang='lat' dir='ltr'>acl</span> <span class='ocrx_word' id='word_1_265' title='bbox 1125 4047 1157 4113; x_wconf 83' lang='grc' dir='ltr'>σι’</span> <span class='ocrx_word' id='word_1_266' title='bbox 1180 4049 1204 4112; x_wconf 81' lang='grc' dir='ltr'>οἱ</span> 
     </span>
    </p>

    <p class='ocr_par' dir='ltr' id='par_1_4' title="bbox 385 4160 967 4245">
     <span class='ocr_line' id='line_1_31' title="bbox 385 4160 967 4245; baseline -0.002 -18"><span class='ocrx_word' id='word_1_267' title='bbox 385 4162 505 4245; x_wconf 78' lang='grc' dir='ltr'><strong><em>Φίλσρον</em></strong></span> <span class='ocrx_word' id='word_1_268' title='bbox 528 4165 557 4228; x_wconf 82' lang='grc' dir='ltr'>ἐν</span> <span class='ocrx_word' id='word_1_269' title='bbox 581 4164 660 4244; x_wconf 76' lang='grc' dir='ltr'>θυμῷ</span> <span class='ocrx_word' id='word_1_270' title='bbox 685 4161 860 4244; x_wconf 69' lang='grc' dir='ltr'>μελιγάρυες</span> <span class='ocrx_word' id='word_1_271' title='bbox 884 4160 967 4241; x_wconf 76' lang='grc' dir='ltr'><strong><em>ὕμνοι</em></strong></span> 
     </span>
    </p>

    <p class='ocr_par' dir='ltr' id='par_1_5' title="bbox 385 4273 1131 4357">
     <span class='ocr_line' id='line_1_32' title="bbox 385 4273 1131 4357; baseline 0 -19"><span class='ocrx_word' id='word_1_272' title='bbox 385 4273 566 4356; x_wconf 81' lang='grc' dir='ltr'><strong><em>ιὶμὲτεροι</em></strong></span> <span class='ocrx_word' id='word_1_273' title='bbox 587 4275 672 4340; x_wconf 76' lang='grc' dir='ltr'><strong><em>σι’θεν·</em></strong></span> <span class='ocrx_word' id='word_1_274' title='bbox 695 4276 799 4357; x_wconf 78' lang='grc' dir='ltr'><strong><em>Ξιισῆροο</em></strong></span> <span class='ocrx_word' id='word_1_275' title='bbox 821 4275 867 4340; x_wconf 83' lang='grc' dir='ltr'><strong><em>σοι’</em></strong></span> <span class='ocrx_word' id='word_1_276' title='bbox 887 4300 935 4340; x_wconf 90' lang='grc' dir='ltr'>κεν</span> <span class='ocrx_word' id='word_1_277' title='bbox 959 4299 998 4339; x_wconf 92' lang='grc' dir='ltr'>νιν</span> <span class='ocrx_word' id='word_1_278' title='bbox 1022 4275 1131 4341; x_wconf 73' lang='lat' dir='ltr'>aldor</span> 
     </span>
    </p>

    <p class='ocr_par' dir='ltr' id='par_1_6' title="bbox 387 4386 1233 4470">
     <span class='ocr_line' id='line_1_33' title="bbox 387 4386 1233 4470; baseline -0.002 -18"><span class='ocrx_word' id='word_1_279' title='bbox 387 4386 438 4452; x_wconf 77' lang='lat' dir='ltr'>acl</span> <span class='ocrx_word' id='word_1_280' title='bbox 462 4393 512 4453; x_wconf 80' lang='grc' dir='ltr'>νῦν</span> <span class='ocrx_word' id='word_1_281' title='bbox 534 4390 643 4460; x_wconf 72' lang='grc' dir='ltr'><strong><em>ἐσλοῖσι</em></strong></span> <span class='ocrx_word' id='word_1_282' title='bbox 666 4395 835 4470; x_wconf 78' lang='grc' dir='ltr'><strong><em>σιιροισχεῖν</em></strong></span> <span class='ocrx_word' id='word_1_283' title='bbox 858 4387 994 4466; x_wconf 58' lang='lat' dir='ltr'>artoarto</span> <span class='ocrx_word' id='word_1_284' title='bbox 1018 4390 1124 4469; x_wconf 75' lang='grc' dir='ltr'><strong><em>θερμᾶν</em></strong></span> <span class='ocrx_word' id='word_1_285' title='bbox 1147 4389 1233 4454; x_wconf 77' lang='grc' dir='ltr'><strong><em>νόσων</em></strong></span> 
     </span>
    </p>

    <p class='ocr_par' dir='ltr' id='par_1_7' title="bbox 388 4498 1053 4582">
     <span class='ocr_line' id='line_1_34' title="bbox 388 4498 1053 4582; baseline 0.005 -19"><span class='ocrx_word' id='word_1_286' title='bbox 388 4498 405 4572; x_wconf 76' lang='grc' dir='ltr'><strong><em>ἥ</em></strong></span> <span class='ocrx_word' id='word_1_287' title='bbox 428 4522 496 4564; x_wconf 85' lang='grc' dir='ltr'><strong><em>σινοι</em></strong></span> <span class='ocrx_word' id='word_1_288' title='bbox 517 4501 657 4569; x_wconf 68' lang='lat' dir='ltr'>barrida</span> <span class='ocrx_word' id='word_1_289' title='bbox 679 4500 856 4580; x_wconf 73' lang='grc' dir='ltr'><strong><em>κεκλημένον</em></strong></span> <span class='ocrx_word' id='word_1_290' title='bbox 879 4499 896 4574; x_wconf 80' lang='grc' dir='ltr'>ἢ</span> <span class='ocrx_word' id='word_1_291' title='bbox 920 4500 1053 4582; x_wconf 78' lang='grc' dir='ltr'><strong><em>σοισέροι,</em></strong></span> 
     </span>
    </p>
   </div>
   <div class='ocr_carea' id='block_1_3' title="bbox 0 0 1737 5554">
    <p class='ocr_par' dir='ltr' id='par_1_8' title="bbox 0 0 1737 5554">
     <span class='ocr_line' id='line_1_35' title="bbox 0 0 1737 5554; baseline 0 0"><span class='ocrx_word' id='word_1_292' title='bbox 0 0 1737 5554; x_wconf 95' lang='lat' dir='ltr'> </span> 
     </span>
    </p>
   </div>
  </div>
 </body>
</html>
