3430 5554
900 691 940 754 62

354 879 463 940 tuetur
484 874 591 958 Bergk
612 875 682 938 loco
701 873 874 957 Euripidae
894 874 989 939 Herc.
1008 875 1082 938 463.
1102 875 1194 940 Adde
1213 875 1310 940 Arist
1323 876 1386 940 Av.
1400 875 1474 940 569.

358 988 430 1051 763.
454 987 535 1051 Cum
558 988 588 1050 h.
612 987 630 1049 l.
654 986 691 1049 of.
716 985 751 1049 Ο.
773 985 825 1050 ΧΙ
847 992 926 1070 extr,
950 993 982 1052 et
1003 987 1114 1072 fragm.
1141 989 1213 1051 239.

399 1099 437 1164 ln
462 1100 581 1164 scholio
605 1099 737 1184 antiquo
760 1099 799 1162 ad
824 1099 936 1164 ultima
959 1100 1072 1166 verba:
1097 1098 1189 1163 ὑπτία
1208 1105 1267 1172 τοῖς
1288 1098 1374 1163 ποσὶν
1397 1098 1477 1176 ἀμύ-

356 1236 435 1277 νετοον
466 1212 507 1277 τοὶ
537 1213 592 1290 μὲν
617 1211 961 1290 σνλλοοβομένν,
985 1211 1026 1275 τοὶ
1047 1212 1074 1276 δ’
1098 1211 1276 1290 οὶμύσσονσοο
1298 1213 1390 1276 Pind.
1414 1214 1433 1277 l.
1459 1214 1479 1276 l.

357 1329 482 1392 correxi
503 1325 839 1403 εὐλαβουμένη,
864 1327 959 1390 sibi
986 1345 1168 1392 cavens.

400 1549 440 1612 V.
464 1549 515 1612 63.
539 1544 657 1628 ἔμπυρον
680 1551 946 1628 χοολκοοοροῖν
968 1548 1041 1612 ὀκτὼ
1066 1546 1215 1612 θανόντων.

401 1662 509 1728 Naber
532 1683 601 1746 pag.
624 1663 666 1724 42
691 1662 826 1725 coniecit
848 1660 1193 1742 χολκοδρότων,
1218 1663 1304 1747 quod
1327 1684 1393 1728 non
1418 1665 1480 1728 nisi

359 1782 502 1840 exmemu
531 1780 661 1838 coactus
684 1775 872 1838 necessitate
895 1775 1057 1859 accipiam,
1081 1777 1234 1858 quoniam
1256 1775 1390 1840 formam
1414 1781 1478 1840 tam

359 1889 484 1972 proprie
518 1887 722 1951 Pindaricum
760 1907 856 1970 quam
887 1893 935 1952 est
962 1886 1134 1967 χολκοοέροος
1158 1889 1338 1972 (praeteri.
1361 1889 1404 1952 lV
1428 1889 1479 1972 (V)
1560 1913 1563 1918 ·

360 2002 401 2064 41
433 2000 470 2064 of.
500 1998 639 2080 χεονοὶροιο
670 2000 705 2063 Ρ.
728 2000 760 2061 V
783 2002 836 2080 35)
868 2001 954 2064 haud
976 2000 1068 2065 facile
1092 2003 1169 2066 vitio
1194 2008 1301 2066 natam
1324 2022 1394 2067 esse
1418 2022 1486 2067 cre·

297 2118 299 2122 '
361 2115 443 2178 dam.
465 2115 644 2198 Argutatur
666 2119 773 2176 autem
797 2132 848 2176 me
870 2113 977 2177 iudice
999 2119 1030 2176 et
1053 2114 1111 2176 vix
1134 2115 1215 2178 serio
1239 2114 1383 2198 loquitur
1406 2117 1484 2178 ami-

361 2247 428 2309 cuS,
451 2226 508 2290 ubi
531 2226 640 2291 scribit
665 2245 773 2310 „nego
796 2245 912 2309 pueros
935 2225 1036 2291 fuisse
1059 2247 1130 2291 aere
1154 2233 1291 2292 armatos
1315 2229 1365 2292 vel
1391 2228 1479 2292 belli-

362 2360 461 2405 cosos.
485 2339 519 2404 Si
541 2340 686 2422 fuissent,
711 2339 870 2423 quomodo
890 2359 943 2404 cos
963 2339 1120 2405 Hercules
1139 2343 1295 2425 potuisset
1306 2342 1483 2426 superare?

362 2455 436 2536 Πρὸς
458 2454 531 2518 ὀκτὼ
555 2453 613 2517 οὐδ’
638 2451 820 2532 Ἡρακλῆς.”
842 2452 914 2517 Ηοσ
937 2459 986 2518 est
1004 2454 1179 2537 proverbiis
1200 2453 1391 2518 abutiNam
1405 2474 1480 2518 cum

361 2570 395 2632 in
418 2569 552 2632 vetustis
575 2567 692 2631 fabulis
716 2586 847 2650 prorsus
870 2567 951 2629 nihil
974 2567 1118 2632 mirabile
1142 2572 1198 2650 est,
1221 2573 1292 2632 tum
1311 2568 1485 2633 Herculem

362 2681 464 2746 multo
499 2681 645 2765 graviora
676 2681 792 2743 virium
824 2685 921 2762 atque
943 2679 1066 2744 roboris
1090 2682 1265 2764 specimina
1288 2681 1424 2746 edidisse
1447 2683 1481 2745 in

363 2793 481 2878 vulgus
505 2798 617 2856 notum
641 2798 697 2857 est.
721 2791 813 2868 Quod
837 2798 942 2857 autem
963 2793 1132 2857 scholiasta
1151 2792 1483 2866 deatodaudroorfuisse

364 2908 448 2986 dicit,
468 2906 543 2971 inde
567 2912 795 2992 nonapparet,
820 2913 855 2971 ut
877 2907 1020 2982 arbitror,
1044 2926 1118 2971 eum
1142 2907 1230 2972 aliud
1251 2908 1367 2992 legisse
1387 2928 1483 2992 quam

366 3020 453 3104 quod
486 3020 580 3084 hodie
607 3020 752 3103 legimus.
783 3020 846 3084 Res
876 3021 1043 3084 notissima
1074 3026 1141 3084 erat
1164 3021 1292 3085 Graecis
1316 3021 1485 3101 omnibus;

365 3139 396 3197 et
425 3133 579 3197 absurdas
603 3138 744 3197 veterum
769 3135 1050 3217 grammaticorum
1074 3134 1282 3218 etymologias
1306 3138 1334 3198 si
1358 3141 1485 3220 reputa-

365 3266 447 3328 mus,
469 3246 550 3310 nihil
576 3265 635 3310 nos
659 3250 745 3310 vetat
768 3247 930 3330 suspicari,
954 3246 1154 3311 scholiastam
1178 3267 1289 3312 vocem
1312 3246 1485 3328 χολονοὶροος

366 3359 526 3423 derivasse
548 3378 567 3422 a
589 3355 708 3435 χαλκός
731 3363 762 3423 et
783 3357 907 3438 ἐναίρειν.

412 3471 483 3554 Sed,
515 3477 588 3536 utut
617 3491 654 3534 ea
676 3491 726 3535 res
749 3491 783 3536 se
807 3471 909 3554 habet,
933 3473 1080 3556 equidem
1104 3474 1211 3537 nescio
1235 3493 1277 3536 an
1299 3476 1373 3558 pius
1397 3480 1489 3558 poeta

366 3587 427 3650 hoc
456 3585 535 3668 loco,
565 3584 622 3649 ubi
652 3584 691 3649 de
712 3586 814 3668 ipsius
838 3604 968 3668 quoque
989 3584 1147 3662 Herculis,
1171 3588 1280 3670 magni
1303 3587 1387 3670 apud
1409 3587 1489 3651 The·

367 3699 467 3764 banos
491 3699 550 3778 dei,
573 3697 664 3761 cultu
687 3698 760 3781 agit,
783 3717 955 3780 puerorum
980 3698 1117 3780 caedem,
1140 3697 1252 3761 furiosi
1271 3700 1370 3782 patris
1392 3719 1490 3762 manu

368 3816 532 3896 patratam,
563 3812 602 3875 de
630 3811 788 3875 industria
809 3811 916 3875 verbis
941 3812 1100 3875 velaverit.
1126 3849 1168 3857 —
1191 3810 1270 3874 Mox
1293 3809 1491 3891 τλοικτίζοοσοο

370 3925 435 4006 (66)
455 3931 486 4017 et
503 3923 661 3996 λεονοινοής
679 3925 743 4005 (69)
762 3944 819 4008 pro
839 3921 1013 4004 λακτίζοισα
1033 3930 1065 3989 et
1084 3924 1233 3997 οεοκωθείς
1244 3926 1401 4009 palmares
1414 3932 1490 3991 sunt

370 4038 509 4104 Heclreri
531 4039 632 4102 nostri
655 4039 861 4102 coniecturae.

416 4263 527 4327 lsthm.
550 4262 581 4323 V
603 4259 672 4345 (IV)
696 4261 745 4325 12.

372 4375 422 4441 δύο
443 4374 476 4441 δέ
497 4397 540 4440 τον
562 4372 641 4454 ζωᾶς
663 4371 755 4437 ἄωτον
776 4377 872 4450 μοῦνοι
890 4371 1069 4450 ποιμαίνοντο
1088 4375 1137 4439 τὸν
1156 4371 1296 4443 ἄλτννςον
1315 4377 1430 4440 εὐανθεῖ
1437 4375 1490 4439 σὺν

462 4485 490 4550 εἷ
508 4508 553 4558 τις
575 4478 607 4548 εὖ
628 4484 756 4564 τοὶσχσον
779 4484 865 4562 λόγον
887 4485 970 4550 ἐσλὸν
992 4485 1168 4566 οἰκούσῃ.
1390 4486 1492 4572 [ὅλβῳ,
