3430 5554
899 699 939 762 50

351 879 455 961 ματέρ’
481 919 522 928 -
546 880 640 959 μέλως
665 919 707 928 -
731 874 801 961 ὦρσε
823 879 921 961 χάριν,
947 883 1060 946 statuit
1078 879 1183 961 ματέρ’
1203 882 1393 946 loconostro
1406 900 1475 946 esse

352 995 504 1077 dativum,
527 994 600 1059 licet
620 993 810 1059 Homericae
833 994 979 1058 licentiae
998 996 1062 1058 iotn
1082 995 1181 1058 dativi
1194 994 1332 1058 elidendi
1344 995 1469 1059 nullum

351 1110 455 1171 exstet
488 1107 572 1190 apud
607 1105 783 1170 Pindarum
817 1108 998 1191 vestigium,
1028 1113 1059 1172 et
1089 1108 1241 1191 rescripto
1274 1105 1367 1186 ματρί
1393 1107 1473 1171 nihil

350 1220 513 1284 lucremur
534 1225 658 1305 praeter
680 1220 973 1285 artificiosissimum
990 1226 1021 1286 et
1032 1241 1145 1305 parum
1157 1220 1340 1285 credibilem
1351 1220 1413 1284 loci
1425 1222 1473 1283 in·
1582 1278 1595 1284 -

350 1335 615 1418 terpretationem.
624 1332 672 1398 De
680 1333 819 1418 Mezgeri
831 1335 1042 1419 explicatione
1051 1336 1130 1418 (pag.
1141 1335 1216 1410 335)
1226 1334 1319 1398 silere
1326 1339 1472 1416 praestat.

394 1557 433 1620 V.
458 1559 509 1620 34.

439 1669 452 1732 ό
475 1670 502 1734 δ’
525 1668 655 1751 ἐφράσθη
678 1669 848 1736 κατένευσέν
869 1694 903 1734 τε
925 1670 949 1735 σί
970 1670 1087 1752 (Peleo)
1111 1669 1261 1750 ὀρσινεφὴς
1284 1665 1318 1744 ἐξ
1335 1669 1449 1749 οὐρανοῦ

440 1783 512 1856 Ζεὺς
535 1783 688 1848 άόανάτων
712 1783 864 1862 βασιλεύς,
889 1781 939 1851 τός’
964 1784 992 1847 ἐν
1014 1781 1104 1861 τάχει

439 1901 558 1960 πσντιάν
580 1894 820 1976 χρυσαλακάτων
841 1895 908 1960 τινά
930 1895 1080 1977 Νηρεΐδων
1103 1892 1264 1976 πράξειν
1287 1893 1404 1958 άκσιτιν.

395 2009 497 2074 Schol.
526 2008 676 2073 ἐπένευσεν
707 2010 789 2088 αὐτῷ
811 2008 861 2074 καὶ
883 2007 1032 2088 παρέσχεν
1057 2007 1113 2076 cicc
1135 2008 1244 2086 λαβεῖν
1267 2013 1397 2087 γυναῖκα
1420 2005 1473 2081 τὶρν

350 2121 445 2186 Θέτιν.
474 2123 626 2188 Potuitne
648 2124 808 2188 Pindarus
832 2124 924 2187 aliter
949 2122 1086 2187 scribere
1109 2143 1206 2207 qnam
1230 2120 1443 2202 retrectat

395 2356 434 2420 V.
467 2359 516 2420 54.
548 2357 637 2423 Licet
666 2357 773 2442 Bergk
803 2360 837 2422 in
867 2360 914 2423 ed.
936 2359 984 2422 IV
1008 2359 1195 2423 sententiam
1221 2361 1376 2439 retractet,
1399 2375 1472 2422 vere

351 2476 457 2535 tamen
480 2472 514 2534 in
538 2472 584 2535 ed.
607 2471 659 2534 III
681 2471 867 2535 observasse
890 2472 1017 2535 videtur
1036 2470 1245 2535 Scholiastam
1264 2472 1472 2553 interpretan-

350 2587 415 2648 tem
434 2588 491 2662 Φα
501 2606 509 2645 ι
518 2582 585 2663 δρόι
600 2583 639 2646 τά
651 2582 720 2657 evea
733 2587 789 2646 τῶν
801 2581 936 2663 ςεφάνων
950 2604 1013 2648 non
1025 2584 1141 2668 legisse
1155 2585 1241 2667 quod
1252 2583 1325 2648 libri
1336 2582 1470 2648 habent:

482 2694 586 2760 άνόόων
609 2719 633 2758 π
644 2719 657 2760 o
669 2719 677 2759 ι
689 2695 710 2761 ά
722 2720 735 2759 ε
747 2719 761 2758 ν
774 2719 823 2760 τα
847 2695 942 2776 φέρειν
966 2697 1183 2776 ςεφανιίματα.

395 2807 504 2873 Minus
527 2828 596 2874 eam
619 2811 911 2893 interpretationem
934 2811 1038 2892 mirer,
1062 2811 1089 2873 si
1108 2809 1255 2873 habuerit
1272 2814 1346 2873 ante
1359 2809 1469 2874 oculos

351 2920 612 2999 α’ίμλάεντα.
650 2922 693 2987 ef.
722 2922 758 2986 P.
789 2923 823 2985 Π
854 2925 904 2986 10.
935 2922 983 2986 IV
1015 2925 1088 2986 231.
1123 2923 1164 2987 Ut
1195 2926 1280 2988 enim
1310 2925 1470 3008 poeticum

350 3031 445 3113 αίμλα
465 3054 521 3118 per
543 3034 623 3114 Φάσς
645 3037 903 3119 interpretantur,
928 3033 1127 3112 siccitatatem
1148 3055 1205 3119 per
1223 3034 1348 3117 φαιδρός
1366 3056 1470 3120 gram-

351 3150 482 3212 maticos
505 3149 690 3232 explicasse,
714 3169 777 3213 non
802 3150 960 3232 estquod
983 3151 1145 3214 miremur.
1171 3149 1318 3215 Ceterum
1330 3149 1470 3215 ποιάεντα

352 3260 477 3325 defendi
498 3266 610 3344 potest.

393 3481 484 3547 Nem.
507 3483 555 3546 Vl
578 3483 606 3545 6.-
638 3480 718 3560 μετά
741 3479 913 3553 νύκτας.
936 3482 1082 3547 Pessime
1107 3481 1238 3566 Merger
1263 3484 1371 3564 „nach
1392 3483 1473 3548 Ver-

350 3596 430 3661 fluss
452 3597 508 3660 der
530 3595 662 3660 Nacht”.
687 3592 876 3679 Oppositum
900 3594 1065 3674 ἐφαμερίαν
1094 3596 1207 3660 docere
1230 3614 1303 3659 eum
1326 3601 1472 3679 potuerat

350 3708 431 3786 μετά
461 3707 569 3780 νόκτας
592 3727 662 3772 esse
695 3728 716 3771 n
730 3728 747 3772 o
760 3727 777 3772 e
789 3713 803 3772 t
816 3729 837 3771 ιι
850 3758 858 3786 ,
883 3713 919 3771 ut
942 3707 1006 3784 μεθ’
1032 3706 1144 3787 ἡμέραν
1169 3710 1214 3771 in
1227 3714 1239 3773 t
1251 3727 1269 3772 e
1280 3729 1297 3771 r
1309 3708 1351 3771 di
1363 3728 1385 3772 u
1410 3710 1472 3792 sig·

350 3822 458 3886 nificat
476 3823 562 3905 apud
581 3841 699 3885 omnes.
712 3821 743 3884 N
744 3841 787 3885 on
799 3826 904 3885 tamen
918 3820 1054 3886 diffiteor
1066 3840 1117 3885 me
1133 3821 1229 3885 malle
1241 3821 1323 3898 μετά
1342 3819 1470 3885 νύκτα

350 3934 412 3999 Sed
434 3935 471 3998 cf.
495 3934 530 3998 P.
554 3934 602 3997 IV
627 3935 700 3996 256.

394 4156 433 4220 V.
457 4158 485 4220 9.
817 4153 986 4236 άρσόραισιν,
1010 4153 1069 4220 αἵτ’
1093 4156 1294 4235 ἀμειβόμεναι

484 4266 557 4334 τόκα
576 4267 630 4346 μὲν
649 4262 685 4330 όν
704 4266 767 4345 βίον
786 4265 920 4347 άνδράσιν
940 4269 1098 4342 ε’πκετανδν
1120 4271 1164 4334 ἐκ
1184 4270 1343 4335 πεδίων
1359 4269 1471 4344 ἔδοσαν,

483 4379 557 4445 τόκα
579 4380 606 4444 δ’
631 4373 698 4444 αὖτ’
721 4379 1103 4458 άναπανσάμεναι
1127 4379 1224 4453 σθένος
1248 4379 1398 4463 ἔμαρψαν.
1481 4426 1484 4434 -

351 4494 518 4558 Manifesto
542 4495 747 4577 depravatum
771 4497 819 4556 est
841 4493 979 4557 otiosum
1003 4493 1035 4558 ἐκ
1055 4492 1168 4557 πεδίων.
1188 4494 1272 4558 Pin
1285 4497 1313 4560 d.
1335 4498 1376 4560 27
1395 4498 1473 4562 tluc·
