3430 5554
748 710 787 772 17

98 979 99 983 ¹
203 897 302 979 igitur
331 900 442 979 poetae
472 895 571 958 Attici
604 896 638 957 in
662 895 779 958 talibus
803 895 1006 978 participium
1031 895 1187 958 adiectivc
1210 893 1330 977 praefe-

203 1013 283 1090 rant,
306 1007 482 1071 Pindarum
507 1013 681 1091 utrumque
707 1009 776 1071 sine
796 1007 979 1070 discrimine
999 1006 1182 1070 adhibuisse
1196 1011 1333 1089 apparet.

250 1203 375 1288 Olymp.
398 1204 480 1267 VIII
505 1205 555 1267 11.
577 1201 694 1277 ἕσπητ’.
707 1192 915 1269 Portentosae
927 1203 1048 1268 formae
1060 1203 1157 1267 fidem
1170 1203 1330 1287 denegans

204 1316 316 1380 Pind.
350 1318 389 1379 11
419 1318 470 1381 hic
493 1317 726 1382 substituebam
749 1314 795 1381 θον
817 1315 941 1389 σπῆιζ
968 1314 1003 1380 0.
1027 1315 1079 1379 IX
1102 1317 1144 1379 83
1170 1321 1200 1380 et
1223 1314 1258 1378 P.
1286 1315 1326 1379 17

205 1426 393 1492 σθσποιπο
415 1449 472 1513 pro
496 1426 620 1502 ἕσποιτο,
646 1428 681 1493 Ο.
705 1430 736 1492 V
760 1430 802 1492 63
821 1450 895 1494 cum
916 1429 1054 1514 Bergkie
1075 1430 1133 1510 (ed.
1153 1429 1198 1510 Π)
1218 1425 1330 1508 ἔπρα-

205 1541 264 1604 θον
283 1522 356 1604 σπθ
363 1564 470 1618 μενοι
495 1561 551 1626 pro
574 1539 679 1618 προθθον
701 1541 862 1619 ἕσπθμενοι.
888 1543 913 1605 l.
938 1541 986 1606 VI
1008 1543 1047 1604 17
1070 1544 1191 1606 conieci
1211 1563 1327 1622 προσεν-

205 1653 280 1718 νέπω
303 1653 439 1734 ἀνδρὸς
464 1644 716 1741 Φιλποθποωθθ
738 1653 906 1719 σπέσθαι
929 1652 1237 1734 κλνσαὶςΜοθρας
1257 1655 1328 1735 ἐφε-

205 1774 301 1844 τμαῖς
323 1789 381 1853 pro
404 1767 581 1849 προσεννέπω
606 1767 794 1833 ἑσπέσθαι
818 1767 987 1841 alocale
1004 1768 1034 1854 ss
1052 1769 1190 1849 ἀνδρὸς
1210 1768 1331 1850 Φθλου

207 1889 250 1944 Μ.
276 1881 309 1954 εἴ,
334 1886 390 1946 aut
409 1881 607 1945 αἰδεῖσθαι
627 1903 683 1965 pre
704 1880 841 1945 ἑσπέσθαι
861 1887 892 1946 et
910 1881 1111 1958 ἐφετμαῖς
1131 1882 1331 1964 (AeaAeol.)

205 2013 262 2078 pro
287 1994 448 2074 ἐφετμαῖς.
471 1994 594 2058 Verum
617 1997 645 2059 si
663 1995 738 2077 vidi,
760 1996 894 2060 verbum
913 1997 1125 2079 compositum
1147 1993 1328 2067 συνέπεσθαι,

208 2108 294 2192 qued
316 2108 410 2172 hodie
429 2109 515 2192 apud
536 2107 714 2172 Pindarum
737 2128 802 2172 nen
826 2109 952 2192 legitur,
973 2108 1024 2174 bis
1045 2108 1260 2173 oblitteratum
1273 2114 1328 2174 est.

206 2221 246 2285 In
270 2224 309 2287 iis
335 2242 417 2306 quae
441 2222 556 2285 Pind.
579 2222 600 2285 l.
624 2223 643 2286 l.
667 2224 708 2286 ad
727 2243 773 2288 vs.
797 2224 837 2286 81
864 2224 1014 2286 annotavi
1037 2223 1150 2286 calami
1169 2222 1262 2306 lapsu
1282 2222 1332 2286 bis

207 2336 518 2400 Alcidamantis
561 2355 618 2419 pre
652 2337 965 2400 Alcimedontis
1000 2337 1130 2399 nomine
1167 2335 1230 2419 legi
1264 2335 1332 2398 ani-

208 2451 381 2513 madverte.

252 2646 290 2709 V.
305 2647 357 2710 54.
376 2647 401 2709 εἰ
413 2647 438 2711 δ’
461 2647 475 2710 ε’
482 2647 533 2724 νὼ
554 2642 733 2720 Μιλνσθαέξ
745 2645 880 2723 οθρνενεθων
892 2646 977 2718 κῦδος
997 2644 1220 2726 ἀνέδραμον
1241 2641 1331 2724 ὕμνῳ.

251 2759 353 2824 Teneo
389 2761 475 2844 quod
506 2761 627 2824 conieci
658 2760 734 2824 clim
757 2760 804 2824 ad
825 2760 1107 2844 Theognidem
1131 2780 1199 2844 pag.
1226 2760 1284 2822 75:
1309 2757 1332 2821 εἰ

208 2870 234 2934 δ’
258 2871 333 2950 ἐμῷ
357 2872 503 2944 -κῦδος
526 2871 753 2952 ἀνέδραμεν
777 2869 865 2952 ὕμνῳ.
891 2873 1071 2937 Barbarum
1096 2871 1329 2953 θεθθνέδραΠον.

253 3070 292 3134 V.
316 3072 368 3134 41.
390 3067 488 3133 ἔννεπε
510 3070 536 3134 δ’
560 3069 656 3133 οθνσίον
678 3067 875 3150 ὁρμαίνων
895 3069 979 3150 πέρας
1002 3069 1085 3142 εὐθὺς
1108 3069 1275 3135 Ἀπόλλων.
1359 3090 1362 3097 ’

254 3183 362 3249 Placet
392 3203 515 3268 nupera
541 3183 689 3248 Pritschii
721 3177 902 3250 coniectura
925 3183 1153 3264 θριφοιθνων,
1178 3185 1213 3249 in
1237 3205 1333 3269 quam

104 3357 109 3366 .
211 3303 242 3362 et
265 3299 332 3381 ipse
355 3298 539 3361 incideram.
1278 3287 1281 3294 ’

257 3492 381 3578 Olymp.
415 3494 466 3557 IX
503 3496 552 3557 78.
588 3493 669 3558 Cum
699 3493 826 3560 Naberc
859 3499 1042 3578 suspectum
1075 3494 1175 3560 habeo
1199 3495 1332 3561 verbum

213 3609 362 3672 traditum
394 3604 574 3680 ταξιοῦσθαι.
606 3608 689 3671 Nam
717 3609 915 3672 eumalium
939 3609 1272 3692 apudgrammaticos
1297 3611 1335 3675 de

211 3727 275 3785 tam
307 3723 387 3785 mire
419 3721 574 3786 vocabulo
605 3726 653 3786 est
685 3724 857 3804 silentium,
880 3728 949 3787 tum
978 3723 1124 3807 analogia
1147 3724 1335 3789 destitutum

212 3834 347 3915 videtur,
370 3834 529 3916 siquidem
564 3833 662 3898 verba
685 3836 719 3898 iu
740 3832 776 3897 θω
801 3833 1034 3918 abaciacus,
1058 3855 1122 3899 nou
1146 3857 1165 3900 a
1187 3836 1337 3902 substan·

108 4013 109 4020 ¹
211 3947 296 4028 tivis,
326 3945 457 4010 formari
490 3947 637 4011 assolent.
677 3945 827 4012 Ceterum
861 3949 937 4012 satis
972 3954 1045 4032 apta
1075 3953 1123 4014 est
1146 3950 1334 4015 scholiastae

108 4098 111 4106 ·
211 4061 426 4143 interpretatio
467 4058 717 4140 παρατάσσεσθαι,
761 4079 820 4124 nec
838 4061 939 4144 ¹quod
974 4061 1165 4125 substituam
1201 4064 1333 4146 reperis,

107 4165 116 4202 ⁷
212 4192 287 4236 nam
322 4173 361 4237 de
383 4172 560 4244 dictrictae,
576 4174 624 4270 ¹de
648 4192 712 4256 quo
737 4175 888 4256 cogitavit
910 4172 1025 4255 Nabar,
1048 4193 1089 4238 ue
1108 4176 1240 4258 cogitari
1264 4177 1334 4258 qui·
1365 4270 1368 4276 Ι

213 4287 284 4350 dem
307 4304 401 4370 posse
424 4285 628 4350 manifestum
653 4291 707 4349 est.
733 4284 805 4349 Vid.
831 4285 1038 4350 Addanda

256 4399 347 4464 Idem
377 4401 428 4462 vir
457 4400 569 4463 doctus
600 4399 639 4463 de
669 4397 816 4478 σφετέρας
849 4399 878 4461 h.
901 4399 921 4461 l.
950 4400 1116 4483 disputans
1140 4420 1209 4484 pag.
1233 4402 1274 4463 32
1288 4421 1334 4484 sq.

212 4513 317 4576 attulit
339 4517 451 4576 notum
475 4512 627 4594 Aeschyli
649 4513 756 4576 locum
780 4530 798 4576 e
821 4512 928 4576 Persis
953 4533 998 4577 vs.
1025 4513 1106 4576 900:

1220 4623 1235 4670 a
