3430 5554
268 890 304 953 V.
329 891 381 953 41.

288 1002 322 1065 εἰ
345 1001 371 1065 δ’
396 992 1345 1082 όρεσρῖκιιπόιιειπιοιπόσσνόργόν,όριφόπερον

289 1113 437 1186 διιπιόνιιις
460 1137 494 1179 πε
515 1113 565 1178 aui
588 1113 691 1188 πόνοις,
714 1114 773 1194 χρή
797 1138 836 1178 νιν
859 1114 1144 1196 εὑρόντεσσιν

287 1224 420 1308 sylvus
441 1224 555 1305 κόμπον
578 1225 621 1305 μὴ
646 1228 803 1308 φόονεροῖσι
823 1225 927 1309 φέρειν.
1054 1301 1056 1305 ,

266 1341 318 1406 Sic
351 1347 439 1406 verte
472 1342 643 1425 epodosin:
674 1346 863 1426 oportet
892 1361 980 1405 non
1003 1342 1169 1406 invido
1194 1347 1345 1407 mente
1390 1365 1391 1368 ¹

221 1456 522 1540 splendidum
563 1457 724 1521 laudis
766 1457 1073 1540 praeconium
1115 1456 1242 1520 ferre
1280 1457 1343 1520 iis

221 1570 300 1653 qui
325 1588 417 1634 eam
450 1569 622 1651 (virtutem)
646 1569 861 1633 assecuti
883 1572 1001 1632 sunt.
1025 1568 1056 1631 A
1079 1569 1236 1633 sententia
1259 1570 1343 1633 enim

220 1703 351 1768 prorsus
386 1682 543 1747 aberravit
578 1681 715 1765 Mergum
748 1683 805 1766 qui
836 1680 1014 1762 Didymum
1045 1687 1175 1746 secutus
1197 1682 1345 1746 voculam

220 1794 278 1875 χρή
312 1797 422 1860 iunxit
454 1815 529 1859 cum
564 1796 669 1859 dativo
705 1792 889 1874 εὑρόντεσσιν,
922 1815 998 1859 nam
1027 1800 1064 1859 ut
1095 1795 1251 1859 solcocam
1275 1813 1345 1860 esse

221 1927 321 1973 necne
355 1928 426 1973 eam
450 1914 644 1973 structuram
667 1909 822 1993 disputari
845 1928 939 1993 posse
963 1928 1051 1973 nunc
1073 1912 1124 1972 ποῦ
1148 1905 1236 1984 λόγον
1260 1904 1345 1971 ἕνεκα
1402 1963 1405 1969 .

224 2022 445 2103 concedamus,
472 2022 553 2085 nihil
583 2027 691 2086 tamen
714 2023 832 2086 certius
855 2026 903 2085 est
925 2040 1022 2104 quam
1045 2021 1222 2085 Pindarum
1246 2019 1285 2084 ab
1309 2040 1347 2085 ea

222 2134 423 2200 abstinuisse.
447 2134 482 2199 Si
504 2136 583 2200 haec
605 2137 705 2218 igitar
728 2155 824 2218 quam
846 2135 915 2198 dixi
933 2140 981 2198 est
1000 2135 1167 2218 apodosios
1181 2135 1346 2214 sententia,
1369 2167 1372 2174 ·

224 2254 474 2313 consentaneum
507 2252 555 2312 est
577 2249 788 2332 praecessisse
810 2248 892 2311 hano
914 2246 980 2311 fere
1003 2248 1191 2310 sententiam
1215 2265 1346 2331 genera·

221 2361 301 2425 lem:
347 2363 386 2425 si
428 2362 588 2426 virtus
622 2379 777 2425 omnes
812 2360 1047 2422 hominum
1081 2359 1345 2424 facultates

224 2470 1346 2557 requirit,tamsumtusquamlabores‚neolooum

221 2605 290 2651 esso
319 2589 497 2656 sententiae
527 2586 657 2671 speciali
689 2606 786 2670 quam
809 2585 916 2668 Bergk
940 2585 1101 2649 coniciens
1125 2583 1149 2647 si
1173 2581 1199 2648 δ’
1228 2583 1347 2664 operas

220 2695 371 2762 ιὶνόκειπιιι
394 2698 527 2764 subesse
551 2700 678 2783 putavit
700 2703 845 2763 vertens:
868 2700 907 2762 si
926 2697 1130 2780 (Herodotus)
1153 2697 1347 2762 deditus

222 2812 380 2875 studio
434 2802 595 2876 laudis
648 2813 951 2894 agonisticae
996 2830 1146 2894 neque
1190 2810 1348 2874 labori

223 2943 374 3009 neque
397 2926 607 3009 sumptui
629 2926 805 3009 parcit,
828 2930 864 2989 ut
888 2925 1000 2988 demus
1026 2927 1102 3008 (quo
1126 2925 1165 2989 de
1186 2926 1256 3010 ipse
1282 2944 1347 2988 non

225 3041 342 3101 temere
365 3037 527 3113 dubitasse
550 3038 686 3118 videtur)
710 3037 878 3100 όνιικεῖσόιιι
901 3057 920 3100 a
939 3042 1067 3101 vetusto
1085 3043 1179 3121 poeta
1198 3039 1348 3123 usurpari

224 3150 366 3233 potuisse
388 3169 445 3233 pro
468 3148 654 3229 πρισκεῖσόιιό
672 3171 734 3213 πινι.
759 3149 842 3213 Nam
863 3151 891 3213 si
910 3149 1068 3214 eiusmodi
1088 3151 1166 3233 quid
1187 3151 1348 3215 Pindarus

224 3264 386 3344 voluisset,
405 3265 439 3327 in
458 3264 589 3348 apodosi
607 3264 700 3347 sequi
719 3262 871 3327 debuerat
890 3261 993 3343 εὑρόντι
1012 3283 1070 3347 pro
1082 3261 1247 3342 εὑρόντεσσι.
1261 3263 1347 3349 Ergo

224 3376 355 3440 Pindari
377 3377 484 3440 locum
508 3377 724 3441 emendaturis
747 3378 781 3439 in
805 3377 923 3459 protasi
947 3377 1130 3458 quaerenda
1153 3382 1201 3441 est
1220 3377 1347 3460 qualem

223 3491 363 3554 indicavi
393 3492 581 3554 sententiam
612 3489 802 3574 generalem,
832 3490 886 3553 cui
916 3489 1011 3553 otiam
1034 3495 1218 3574 praegressa
1241 3490 1347 3555 favere

223 3604 380 3668 videntur.
404 3602 478 3687 Ipse
499 3621 573 3666 cum
597 3603 678 3666 nihil
702 3602 788 3686 quod
811 3603 888 3666 satis
910 3602 1059 3666 videatur
1078 3601 1240 3687 probabile
1259 3621 1349 3686 repe-

224 3717 313 3797 riam,
335 3715 498 3780 inutilium
524 3717 780 3780 coniecturarum
803 3733 975 3780 numerum
1000 3733 1117 3800 augere
1139 3715 1213 3779 nolo
1232 3721 1263 3780 et
1281 3715 1349 3780 feli-

226 3829 303 3891 ciori
324 3829 453 3913 ingenio
476 3840 544 3892 rem
568 3829 739 3892 committo.

272 4051 313 4114 V.
336 4052 388 4114 49.
411 4047 501 4130 ριιςρὶ
524 4049 555 4112 δὲ
576 4053 637 4122 πιῖς
659 4072 705 4121 πις
727 4046 860 4125 σόμόνΩν
882 4047 969 4126 λιμόν
992 4048 1078 4122 uiuri
1101 4047 1305 4113 πέποιπιιι.

272 4163 405 4247 Propter
435 4162 524 4226 verbi
554 4164 715 4227 notionem
733 4160 952 4245 ⁴expectabam
985 4159 1134 4237 ιὶροόνΕΙν,
1159 4164 1349 4227 tristem

227 4261 389 4340 famam
423 4295 585 4340 arcere
617 4275 813 4340 laborat
836 4275 897 4339 Sic
926 4274 1115 4339 δισσεόνεσόιιι
1139 4294 1214 4340 cum
1236 4274 1349 4340 Infini-

228 4391 292 4454 tivo
313 4390 469 4474 iungitur,
489 4409 556 4454 non
579 4409 652 4453 oum
675 4389 849 4473 participio,
872 4389 1052 4472 diciturque
1070 4387 1262 4452 διοισείνεσόοιι
1281 4386 1350 4469 πρός
1448 4471 1450 4476 ,

228 4525 265 4575 σι,
286 4507 354 4566 ‘non
378 4500 406 4565 ἔν
428 4524 492 4565 σινι.
