3430 5554
765 691 804 754 57

277 877 318 942 V.
345 878 394 941 13.
772 872 786 936 d
808 873 835 936 δ’
860 871 971 952 ὄλβῳ
994 868 1140 952 Φέρτατος

421 985 493 1052 ἵκετ’
518 988 547 1060 ἐς
570 986 660 1051 κείνου
684 983 797 1064 γενεάν.

278 1101 405 1164 Goniesi
428 1097 567 1176 ὄλβων
589 1099 714 1163 Pind.
740 1099 790 1161 29.

277 1309 313 1373 V.
339 1311 389 1373 18.
413 1305 503 1386 Ἥβα
526 1307 625 1391 τελεία
648 1306 729 1386 παρα
752 1304 843 1386 ματρὶ
868 1304 1063 1382 βαίνοισ’
1091 1301 1143 1370 ἔςι.

276 1423 315 1485 In
337 1421 462 1486 Heraea
486 1420 723 1504 Argivo'iuxta
740 1420 897 1482 Iunonem
912 1418 1073 1482 sedentem
1088 1415 1190 1480 stabat
1200 1415 1354 1478 Iuventae
1378 1417 1381 1426 ’

233 1537 371 1618 signum,
396 1553 476 1618 opus
498 1533 701 1615 Nausieydis‚
724 1537 803 1596 teste
826 1531 963 1595 Pausan.
984 1530 1017 1593 II
1038 1530 1088 1612 17,
1110 1530 1137 1590 5.
1157 1528 1242 1591 Pin
1255 1528 1283 1590 d.
1302 1527 1321 1589 l.
1334 1527 1353 1589 l.

274 1745 313 1806 V.
339 1746 388 1806 50.
418 1743 620 1827 Legendum:
653 1741 685 1804 οὐ
710 1741 785 1804 dai
799 1740 841 1816 μ’
865 1739 900 1802 εἰ
928 1738 1004 1824 (pro
1029 1738 1150 1822 θαῦμα)
1177 1737 1278 1818 σφίσιν
1302 1737 1353 1814 ἐν·

230 1855 321 1934 γενές,
346 1854 441 1932 ἔμμεν
464 1856 624 1927 οὶεθλνταῐς
647 1854 810 1931 ἀγαθοῖσιν.
835 1853 967 1916 Ibidem.
1086 1871 1088 1876 ’

277 2078 313 2141 V.
339 2081 389 2141 58.
412 2076 496 2162 Lege
519 2076 851 2155 οὶμτκμ>τλαντες.
876 2075 1008 2138 Ibidem.
1075 2161 1080 2169 Ι

278 2288 318 2351 V.
342 2289 393 2351 61.
417 2287 477 2351 απὸ
509 2284 665 2363 Ταϋγέτου
693 2284 779 2348 ποδ’
804 2283 951 2364 αὐγαζ
962 2308 1010 2347 οιν
1032 2282 1093 2347 ἴδεν
1117 2283 1254 2362 Λυγκεὺς
1277 2283 1356 2362 δρυὸς

234 2401 263 2462 ἐν
286 2399 423 2478 στελέχει
445 2398 474 2488 ss
497 2396 610 2476 ἥμενον.
634 2398 778 2462 Pessime
800 2398 897 2480 vulgo
918 2404 1042 2481 recepta
1063 2403 1110 2462 est
1129 2397 1270 2460 Triclinii
1289 2417 1357 2460 eor·

234 2514 432 2577 rectiunenla
466 2509 671 2590 πεδαυγάζων,
703 2513 767 2574 ie.
798 2508 1008 2588 μεταυγοέζυν,
1033 2511 1118 2593 quod
1142 2512 1353 2594 compositum

235 2625 393 2690 Graecum
423 2645 492 2690 esse
523 2630 579 2689 aut
609 2639 678 2688 esse
703 2643 798 2708 posse
821 2643 910 2706 nege.
934 2623 1002 2687 Nee
1024 2630 1130 2688 tamen
1154 2623 1356 2707 probaverim

240 2736 446 2817 ποταυγιὶζυν,
471 2738 557 2821 quod
586 2739 766 2801 coniectum
789 2757 807 2800 a
830 2735 988 2819 Stephano
1011 2738 1129 2819 recepit
1152 2734 1265 2800 Christ.
1290 2735 1357 2798 Ma-

221 2847 351 2914 ‘nifesto
376 2853 460 2915 enim
485 2849 790 2934 adspiciendi
812 2851 899 2913 notio
924 2850 974 2912 hie
998 2849 1101 2912 aliena
1125 2854 1180 2924 est,
1201 2833 1232 2912 et
1251 2850 1357 2931 requi-

234 2965 316 3027 ritur
347 2984 361 3028 s
373 2963 618 3047 poetandi,
640 2963 748 3045 itaque
771 2961 906 3025 verbum
931 2961 1076 3044 simplex.
1098 2962 1171 3025 Asu
1195 2980 1262 3025 rem
1286 2963 1357 3024 teti·

232 3078 318 3160 gisae
336 3078 415 3140 mihi
434 3077 560 3140 videtur
578 3075 702 3157 Kayser
713 3077 873 3139 coniciens
893 3073 936 3138 δὲ
955 3073 989 3138 F’
1009 3098 1031 3138 οι
1044 3075 1059 3137 ὑ
1073 3099 1095 3152 y
1107 3073 1128 3138 οὶ
1139 3073 1158 3154 ζ
1169 3097 1218 3138 ων
1239 3072 1301 3138 ἴδεν
1314 3113 1356 3122 -

236 3181 251 3207 ι

233 3211 345 3265 νμειον.

278 3399 317 3462 V.
342 3400 391 3462 71.
415 3399 462 3462 ἐπ’
487 3394 555 3480 Ἴδα
577 3396 718 3477 πυρφόρον
741 3394 885 3472 πλοῖξε
907 3396 1053 3478 ψολόεντα
1075 3399 1215 3479 κεραυνόν.

280 3512 386 3576 Verbo
421 3512 562 3585 πλήττειν
593 3513 800 3596 coniungitur
830 3513 1032 3576 aecusativus
1063 3513 1133 3576 eius
1163 3515 1219 3595 qui
1250 3514 1358 3596 (quod)

236 3625 358 3708 feritur,
394 3646 459 3689 non
504 3627 573 3689 eius
617 3625 703 3708 quod
743 3626 867 3688 iacitur.
902 3623 1008 3700 Quare
1042 3627 1170 3708 requiro
1204 3629 1358 3704 σκᾶψε.

235 3739 318 3802 Pin
331 3739 358 3802 d.
383 3741 433 3803 29.

280 3949 320 4010 V.
346 3950 397 4012 90.
433 3946 490 4010 ιἰνοὶ
525 3945 551 4010 δ’
579 3944 679 4010 ἔλυσεν
710 3947 764 4022 μὲν
795 3945 959 4026 ὀφθαλμόν.
993 3946 1066 4011 Non
1098 3952 1147 4011 est
1178 3947 1359 4012 subiectum

237 4059 308 4130 Ζεύς
340 4062 397 4140 (sis
426 4059 563 4142 Dissen),
594 4060 649 4124 sed
672 4059 801 4140 Pollux,
826 4061 883 4142 qui
906 4059 1033 4142 optione
1057 4080 1115 4123 sua
1137 4059 1226 4123 fratri
1250 4061 1360 4124 oeulos

236 4173 374 4254 resolvit,
398 4193 457 4256 ope
480 4178 587 4236 tamen
609 4172 704 4235 Iovis.
728 4171 860 4235 Ibidem.

280 4369 371 4434 Nem.
393 4369 444 4434 XI
467 4370 495 4434 6.
519 4367 620 4435 πολλοὶ
642 4368 697 4445 μὲν
720 4367 955 4445 λοιβαῖσιν
978 4366 1259 4447 ἀγαζόμενοι

1137 4482 1258 4566 [πρῶτον
1283 4483 1360 4546 θεῶν.
