<?xml version="1.0" encoding="UTF-8"?>
<!DOCTYPE html PUBLIC "-//W3C//DTD XHTML 1.0 Transitional//EN"
    "http://www.w3.org/TR/xhtml1/DTD/xhtml1-transitional.dtd">
<html xmlns="http://www.w3.org/1999/xhtml" xml:lang="en" lang="en">
 <head>
  <title>
</title>
<meta http-equiv="Content-Type" content="text/html;charset=utf-8" />
  <meta name='ocr-system' content='tesseract 3.04.00' />
  <meta name='ocr-capabilities' content='ocr_page ocr_carea ocr_par ocr_line ocrx_word'/>
</head>
<body>
  <div class='ocr_page' id='page_1' title='image "./studiacriticaet01herwgoog_0034.png"; bbox 0 0 3430 5554; ppageno 0'>
   <div class='ocr_carea' id='block_1_1' title="bbox 745 701 787 762">
    <p class='ocr_par' dir='ltr' id='par_1_1' title="bbox 745 701 787 762">
     <span class='ocr_line' id='line_1_1' title="bbox 745 701 787 762; baseline 0 0"><span class='ocrx_word' id='word_1_1' title='bbox 745 701 787 762; x_wconf 88' lang='grc'>29</span> 
     </span>
    </p>
   </div>
   <div class='ocr_carea' id='block_1_2' title="bbox 202 881 1330 1422">
    <p class='ocr_par' dir='ltr' id='par_1_2' title="bbox 202 881 1330 1422">
     <span class='ocr_line' id='line_1_2' title="bbox 203 881 1328 967; baseline -0.004 -18"><span class='ocrx_word' id='word_1_2' title='bbox 203 887 313 950; x_wconf 89' lang='lat' dir='ltr'>matris</span> <span class='ocrx_word' id='word_1_3' title='bbox 344 887 480 950; x_wconf 85' lang='lat' dir='ltr'>exitium</span> <span class='ocrx_word' id='word_1_4' title='bbox 514 885 624 949; x_wconf 88' lang='lat' dir='ltr'>afferre</span> <span class='ocrx_word' id='word_1_5' title='bbox 655 885 805 967; x_wconf 87' lang='lat' dir='ltr'>coepisse,</span> <span class='ocrx_word' id='word_1_6' title='bbox 830 883 915 967; x_wconf 90' lang='lat' dir='ltr'>quod</span> <span class='ocrx_word' id='word_1_7' title='bbox 938 884 1024 946; x_wconf 85' lang='lat' dir='ltr'>huno</span> <span class='ocrx_word' id='word_1_8' title='bbox 1048 881 1241 963; x_wconf 78' lang='lat' dir='ltr'>sustulisset,</span> <span class='ocrx_word' id='word_1_9' title='bbox 1264 883 1328 945; x_wconf 87' lang='lat' dir='ltr'>nisi</span> 
     </span>
     <span class='ocr_line' id='line_1_3' title="bbox 202 994 1330 1082; baseline -0.004 -19"><span class='ocrx_word' id='word_1_10' title='bbox 202 1003 292 1082; x_wconf 89' lang='lat' dir='ltr'>pater</span> <span class='ocrx_word' id='word_1_11' title='bbox 322 999 435 1062; x_wconf 86' lang='lat' dir='ltr'>ultimo</span> <span class='ocrx_word' id='word_1_12' title='bbox 466 999 617 1082; x_wconf 88' lang='lat' dir='ltr'>temporis</span> <span class='ocrx_word' id='word_1_13' title='bbox 650 1002 811 1062; x_wconf 89' lang='lat' dir='ltr'>momento</span> <span class='ocrx_word' id='word_1_14' title='bbox 834 996 1044 1060; x_wconf 86' lang='lat' dir='ltr'>subvenisset.</span> <span class='ocrx_word' id='word_1_15' title='bbox 1066 994 1235 1059; x_wconf 88' lang='lat' dir='ltr'>Praeterea</span> <span class='ocrx_word' id='word_1_16' title='bbox 1258 1013 1330 1060; x_wconf 88' lang='lat' dir='ltr'>ver·</span> 
     </span>
     <span class='ocr_line' id='line_1_4' title="bbox 204 1107 1329 1187; baseline -0.004 -11"><span class='ocrx_word' id='word_1_17' title='bbox 204 1112 282 1176; x_wconf 91' lang='lat' dir='ltr'>bum</span> <span class='ocrx_word' id='word_1_18' title='bbox 306 1118 420 1183; x_wconf 74' lang='grc' dir='ltr'>τλῆναι,</span> <span class='ocrx_word' id='word_1_19' title='bbox 445 1116 481 1175; x_wconf 88' lang='lat' dir='ltr'>ut</span> <span class='ocrx_word' id='word_1_20' title='bbox 503 1111 620 1187; x_wconf 75' lang='grc' dir='ltr'>τολμᾶν</span> <span class='ocrx_word' id='word_1_21' title='bbox 644 1115 675 1175; x_wconf 87' lang='lat' dir='ltr'>et</span> <span class='ocrx_word' id='word_1_22' title='bbox 696 1107 847 1187; x_wconf 74' lang='grc' dir='ltr'><em>ὑπομένειν</em></span> <span class='ocrx_word' id='word_1_23' title='bbox 869 1129 943 1174; x_wconf 88' lang='lat' dir='ltr'>oum</span> <span class='ocrx_word' id='word_1_24' title='bbox 966 1110 1053 1172; x_wconf 92' lang='lat' dir='ltr'>nudo</span> <span class='ocrx_word' id='word_1_25' title='bbox 1076 1108 1241 1172; x_wconf 85' lang='lat' dir='ltr'>Infinitivo</span> <span class='ocrx_word' id='word_1_26' title='bbox 1265 1109 1329 1172; x_wconf 89' lang='lat' dir='ltr'>Ao-</span> 
     </span>
     <span class='ocr_line' id='line_1_5' title="bbox 203 1221 1326 1308; baseline -0.005 -18"><span class='ocrx_word' id='word_1_27' title='bbox 203 1227 269 1290; x_wconf 89' lang='lat' dir='ltr'>tivo</span> <span class='ocrx_word' id='word_1_28' title='bbox 292 1230 377 1290; x_wconf 86' lang='lat' dir='ltr'>reete</span> <span class='ocrx_word' id='word_1_29' title='bbox 400 1225 552 1308; x_wconf 85' lang='lat' dir='ltr'>coniungi</span> <span class='ocrx_word' id='word_1_30' title='bbox 577 1225 653 1306; x_wconf 88' lang='lat' dir='ltr'>scio,</span> <span class='ocrx_word' id='word_1_31' title='bbox 676 1243 750 1287; x_wconf 88' lang='lat' dir='ltr'>oum</span> <span class='ocrx_word' id='word_1_32' title='bbox 774 1223 967 1287; x_wconf 87' lang='lat' dir='ltr'>Accusativo</span> <span class='ocrx_word' id='word_1_33' title='bbox 991 1227 1022 1286; x_wconf 89' lang='lat' dir='ltr'>et</span> <span class='ocrx_word' id='word_1_34' title='bbox 1044 1221 1105 1286; x_wconf 88' lang='lat' dir='ltr'><strong>Inf.</strong></span> <span class='ocrx_word' id='word_1_35' title='bbox 1130 1228 1215 1287; x_wconf 86' lang='lat' dir='ltr'>recte</span> <span class='ocrx_word' id='word_1_36' title='bbox 1236 1223 1326 1306; x_wconf 86' lang='lat' dir='ltr'>iungi</span> 
     </span>
     <span class='ocr_line' id='line_1_6' title="bbox 202 1335 512 1422; baseline -0.003 -22"><span class='ocrx_word' id='word_1_37' title='bbox 202 1340 314 1422; x_wconf 87' lang='lat' dir='ltr'>ignoro</span> <span class='ocrx_word' id='word_1_38' title='bbox 338 1343 370 1401; x_wconf 92' lang='lat' dir='ltr'>et</span> <span class='ocrx_word' id='word_1_39' title='bbox 393 1335 512 1401; x_wconf 90' lang='lat' dir='ltr'>dubito.</span> 
     </span>
    </p>
   </div>
   <div class='ocr_carea' id='block_1_3' title="bbox 118 1529 1331 1729">
    <p class='ocr_par' dir='ltr' id='par_1_3' title="bbox 118 1529 1331 1729">
     <span class='ocr_line' id='line_1_7' title="bbox 247 1529 1331 1614; baseline 0 -20"><span class='ocrx_word' id='word_1_40' title='bbox 247 1533 286 1596; x_wconf 90' lang='lat' dir='ltr'>V.</span> <span class='ocrx_word' id='word_1_41' title='bbox 311 1535 361 1597; x_wconf 84' lang='lat'>34.</span> <span class='ocrx_word' id='word_1_42' title='bbox 395 1533 425 1604; x_wconf 82' lang='grc' dir='ltr'>ἐς</span> <span class='ocrx_word' id='word_1_43' title='bbox 454 1530 624 1611; x_wconf 79' lang='grc' dir='ltr'>Λακὲρενων.</span> <span class='ocrx_word' id='word_1_44' title='bbox 658 1531 731 1596; x_wconf 91' lang='lat' dir='ltr'>Non</span> <span class='ocrx_word' id='word_1_45' title='bbox 761 1532 929 1596; x_wconf 89' lang='lat' dir='ltr'>fortuitum</span> <span class='ocrx_word' id='word_1_46' title='bbox 951 1531 1087 1612; x_wconf 87' lang='lat' dir='ltr'>videtur,</span> <span class='ocrx_word' id='word_1_47' title='bbox 1112 1530 1200 1614; x_wconf 88' lang='lat' dir='ltr'>quod</span> <span class='ocrx_word' id='word_1_48' title='bbox 1221 1529 1331 1594; x_wconf 86' lang='lat' dir='ltr'>fabula</span> 
     </span>
     <span class='ocr_line' id='line_1_8' title="bbox 118 1640 1326 1729; baseline -0.003 -21"><span class='ocrx_word' id='word_1_49' title='bbox 118 1655 121 1662; x_wconf 87' lang='grc'><strong><em>’</em></strong></span> <span class='ocrx_word' id='word_1_50' title='bbox 204 1647 265 1710; x_wconf 89' lang='lat' dir='ltr'>hoc</span> <span class='ocrx_word' id='word_1_51' title='bbox 286 1646 440 1729; x_wconf 90' lang='lat' dir='ltr'>oppidum</span> <span class='ocrx_word' id='word_1_52' title='bbox 462 1644 537 1710; x_wconf 87' lang='lat' dir='ltr'>fecit</span> <span class='ocrx_word' id='word_1_53' title='bbox 561 1644 728 1709; x_wconf 80' lang='lat' dir='ltr'>Coronidis</span> <span class='ocrx_word' id='word_1_54' title='bbox 750 1646 893 1728; x_wconf 84' lang='lat' dir='ltr'>patriam.</span> <span class='ocrx_word' id='word_1_55' title='bbox 918 1643 962 1706; x_wconf 79' lang='lat' dir='ltr'>ef.</span> <span class='ocrx_word' id='word_1_56' title='bbox 987 1640 1190 1722; x_wconf 73' lang='grc' dir='ltr'>λακέρυζα</span> <span class='ocrx_word' id='word_1_57' title='bbox 1213 1641 1326 1723; x_wconf 73' lang='grc' dir='ltr'>κορώνη.</span> 
     </span>
    </p>
   </div>
   <div class='ocr_carea' id='block_1_4' title="bbox 203 1758 393 1822">
    <p class='ocr_par' dir='ltr' id='par_1_4' title="bbox 203 1758 393 1822">
     <span class='ocr_line' id='line_1_9' title="bbox 203 1758 393 1822; baseline -0.005 0"><span class='ocrx_word' id='word_1_58' title='bbox 203 1758 316 1822; x_wconf 90' lang='lat' dir='ltr'>Pind.</span> <span class='ocrx_word' id='word_1_59' title='bbox 343 1759 393 1821; x_wconf 81' lang='lat'>14.</span> 
     </span>
    </p>
   </div>
   <div class='ocr_carea' id='block_1_5' title="bbox 204 1949 1329 2263">
    <p class='ocr_par' dir='ltr' id='par_1_5' title="bbox 204 1949 1329 2263">
     <span class='ocr_line' id='line_1_10' title="bbox 251 1949 1169 2033; baseline -0.003 -15"><span class='ocrx_word' id='word_1_60' title='bbox 251 1955 290 2018; x_wconf 84' lang='lat' dir='ltr'>V.</span> <span class='ocrx_word' id='word_1_61' title='bbox 315 1955 365 2018; x_wconf 85' lang='lat'>50.</span> <span class='ocrx_word' id='word_1_62' title='bbox 389 1951 406 2026; x_wconf 73' lang='grc' dir='ltr'><em>ἢ</em></span> <span class='ocrx_word' id='word_1_63' title='bbox 430 1953 557 2033; x_wconf 74' lang='grc' dir='ltr'><em>θερινῷ</em></span> <span class='ocrx_word' id='word_1_64' title='bbox 580 1950 670 2033; x_wconf 76' lang='grc' dir='ltr'>τυρὶ</span> <span class='ocrx_word' id='word_1_65' title='bbox 694 1950 855 2032; x_wconf 76' lang='grc' dir='ltr'><em>τερθρρκένῳ</em></span> <span class='ocrx_word' id='word_1_66' title='bbox 878 1951 974 2030; x_wconf 77' lang='grc' dir='ltr'><em>δέμας</em></span> <span class='ocrx_word' id='word_1_67' title='bbox 996 1949 1013 2025; x_wconf 73' lang='grc' dir='ltr'><em>ἢ</em></span> <span class='ocrx_word' id='word_1_68' title='bbox 1037 1955 1169 2030; x_wconf 74' lang='grc' dir='ltr'>χειμῶνα</span> 
     </span>
     <span class='ocr_line' id='line_1_11' title="bbox 249 2064 1326 2149; baseline -0.001 -20"><span class='ocrx_word' id='word_1_69' title='bbox 249 2066 322 2130; x_wconf 87' lang='lat' dir='ltr'>Non</span> <span class='ocrx_word' id='word_1_70' title='bbox 339 2067 378 2130; x_wconf 92' lang='lat' dir='ltr'>de</span> <span class='ocrx_word' id='word_1_71' title='bbox 396 2067 486 2130; x_wconf 85' lang='lat' dir='ltr'>ictu</span> <span class='ocrx_word' id='word_1_72' title='bbox 504 2066 610 2130; x_wconf 91' lang='lat' dir='ltr'>solis</span> <span class='ocrx_word' id='word_1_73' title='bbox 627 2066 855 2148; x_wconf 76' lang='lat' dir='ltr'>(sonnenstiohl</span> <span class='ocrx_word' id='word_1_74' title='bbox 867 2066 1072 2149; x_wconf 84' lang='lat' dir='ltr'>cogitandum</span> <span class='ocrx_word' id='word_1_75' title='bbox 1085 2085 1158 2129; x_wconf 91' lang='lat' dir='ltr'>oum</span> <span class='ocrx_word' id='word_1_76' title='bbox 1170 2064 1326 2149; x_wconf 76' lang='lat' dir='ltr'>Mergero,</span> 
     </span>
     <span class='ocr_line' id='line_1_12' title="bbox 204 2177 1329 2263; baseline -0.002 -19"><span class='ocrx_word' id='word_1_77' title='bbox 204 2181 259 2244; x_wconf 90' lang='lat' dir='ltr'>sed</span> <span class='ocrx_word' id='word_1_78' title='bbox 283 2180 321 2244; x_wconf 93' lang='lat' dir='ltr'>de</span> <span class='ocrx_word' id='word_1_79' title='bbox 344 2181 476 2244; x_wconf 90' lang='lat' dir='ltr'>nimio</span> <span class='ocrx_word' id='word_1_80' title='bbox 497 2179 637 2243; x_wconf 89' lang='lat' dir='ltr'>calore</span> <span class='ocrx_word' id='word_1_81' title='bbox 657 2180 837 2261; x_wconf 84' lang='lat' dir='ltr'>aestivo,</span> <span class='ocrx_word' id='word_1_82' title='bbox 856 2180 999 2263; x_wconf 87' lang='lat' dir='ltr'>pariente</span> <span class='ocrx_word' id='word_1_83' title='bbox 1016 2178 1128 2244; x_wconf 82' lang='lat' dir='ltr'><strong>febres.</strong></span> <span class='ocrx_word' id='word_1_84' title='bbox 1148 2177 1263 2242; x_wconf 91' lang='lat' dir='ltr'>Pind.</span> <span class='ocrx_word' id='word_1_85' title='bbox 1279 2180 1329 2242; x_wconf 82' lang='lat'>15.</span> 
     </span>
    </p>
   </div>
   <div class='ocr_carea' id='block_1_6' title="bbox 203 2372 1328 2795">
    <p class='ocr_par' dir='ltr' id='par_1_6' title="bbox 251 2372 1057 2455">
     <span class='ocr_line' id='line_1_13' title="bbox 251 2372 1057 2455; baseline -0.002 -17"><span class='ocrx_word' id='word_1_86' title='bbox 251 2375 290 2439; x_wconf 79' lang='lat' dir='ltr'>V.</span> <span class='ocrx_word' id='word_1_87' title='bbox 315 2377 365 2438; x_wconf 82' lang='lat'>52.</span> <span class='ocrx_word' id='word_1_88' title='bbox 389 2374 478 2452; x_wconf 76' lang='lat' dir='ltr'>yvr&#39;orr</span> <span class='ocrx_word' id='word_1_89' title='bbox 501 2373 709 2455; x_wconf 71' lang='grc' dir='ltr'>τεραττων</span> <span class='ocrx_word' id='word_1_90' title='bbox 731 2373 872 2438; x_wconf 72' lang='lat' dir='ltr'>aduraim</span> <span class='ocrx_word' id='word_1_91' title='bbox 895 2372 1057 2454; x_wconf 72' lang='grc' dir='ltr'>φάρμακα.</span> 
     </span>
    </p>

    <p class='ocr_par' dir='ltr' id='par_1_7' title="bbox 203 2486 1328 2795">
     <span class='ocr_line' id='line_1_14' title="bbox 248 2486 1328 2572; baseline 0.001 -19"><span class='ocrx_word' id='word_1_92' title='bbox 248 2489 419 2572; x_wconf 90' lang='lat' dir='ltr'>Perperam</span> <span class='ocrx_word' id='word_1_93' title='bbox 442 2488 570 2572; x_wconf 78' lang='lat' dir='ltr'>Merger</span> <span class='ocrx_word' id='word_1_94' title='bbox 588 2490 814 2572; x_wconf 89' lang='lat' dir='ltr'>interpretatur</span> <span class='ocrx_word' id='word_1_95' title='bbox 838 2489 877 2552; x_wconf 91' lang='lat' dir='ltr'>de</span> <span class='ocrx_word' id='word_1_96' title='bbox 900 2489 1087 2571; x_wconf 77' lang='lat' dir='ltr'>emplastris.</span> <span class='ocrx_word' id='word_1_97' title='bbox 1106 2487 1135 2550; x_wconf 85' lang='lat' dir='ltr'><strong>E</strong></span> <span class='ocrx_word' id='word_1_98' title='bbox 1154 2486 1245 2553; x_wconf 87' lang='lat' dir='ltr'>verbi</span> <span class='ocrx_word' id='word_1_99' title='bbox 1263 2509 1328 2554; x_wconf 87' lang='lat' dir='ltr'>usu</span> 
     </span>
     <span class='ocr_line' id='line_1_15' title="bbox 204 2599 1328 2688; baseline -0.001 -22"><span class='ocrx_word' id='word_1_100' title='bbox 204 2607 334 2688; x_wconf 86' lang='lat' dir='ltr'>apparet</span> <span class='ocrx_word' id='word_1_101' title='bbox 357 2601 396 2666; x_wconf 89' lang='lat' dir='ltr'>de</span> <span class='ocrx_word' id='word_1_102' title='bbox 418 2602 622 2686; x_wconf 81' lang='lat' dir='ltr'>phylacteriis</span> <span class='ocrx_word' id='word_1_103' title='bbox 645 2620 824 2666; x_wconf 87' lang='lat' dir='ltr'>sermonem</span> <span class='ocrx_word' id='word_1_104' title='bbox 848 2619 927 2682; x_wconf 89' lang='lat' dir='ltr'>esse,</span> <span class='ocrx_word' id='word_1_105' title='bbox 950 2619 1032 2683; x_wconf 86' lang='lat' dir='ltr'>quae</span> <span class='ocrx_word' id='word_1_106' title='bbox 1052 2599 1214 2664; x_wconf 86' lang='lat' dir='ltr'>veteribus</span> <span class='ocrx_word' id='word_1_107' title='bbox 1232 2599 1328 2666; x_wconf 76' lang='lat' dir='ltr'>(irae-</span> 
     </span>
     <span class='ocr_line' id='line_1_16' title="bbox 203 2712 794 2795; baseline -0.005 -16"><span class='ocrx_word' id='word_1_108' title='bbox 203 2716 249 2779; x_wconf 87' lang='lat' dir='ltr'>ois</span> <span class='ocrx_word' id='word_1_109' title='bbox 272 2719 454 2779; x_wconf 87' lang='lat' dir='ltr'>constanter</span> <span class='ocrx_word' id='word_1_110' title='bbox 477 2715 614 2779; x_wconf 89' lang='lat' dir='ltr'>audiunt</span> <span class='ocrx_word' id='word_1_111' title='bbox 638 2712 794 2795; x_wconf 74' lang='grc' dir='ltr'><em>περίαπτα.</em></span> 
     </span>
    </p>
   </div>
   <div class='ocr_carea' id='block_1_7' title="bbox 202 2908 1385 4582">
    <p class='ocr_par' dir='ltr' id='par_1_8' title="bbox 249 2908 814 2992">
     <span class='ocr_line' id='line_1_17' title="bbox 249 2908 814 2992; baseline -0.004 -16"><span class='ocrx_word' id='word_1_112' title='bbox 249 2912 290 2976; x_wconf 81' lang='lat' dir='ltr'>V.</span> <span class='ocrx_word' id='word_1_113' title='bbox 314 2913 364 2976; x_wconf 85' lang='lat'>56.</span> <span class='ocrx_word' id='word_1_114' title='bbox 389 2908 466 2992; x_wconf 74' lang='grc' dir='ltr'><em>ἄνδρ’</em></span> <span class='ocrx_word' id='word_1_115' title='bbox 490 2911 523 2975; x_wconf 78' lang='grc' dir='ltr'>ἐκ</span> <span class='ocrx_word' id='word_1_116' title='bbox 546 2908 671 2975; x_wconf 68' lang='grc' dir='ltr'>θανάτων</span> <span class='ocrx_word' id='word_1_117' title='bbox 695 2909 814 2988; x_wconf 81' lang='grc' dir='ltr'>κομίσων</span> 
     </span>
    </p>

    <p class='ocr_par' dir='ltr' id='par_1_9' title="bbox 394 3022 663 3098">
     <span class='ocr_line' id='line_1_18' title="bbox 394 3022 663 3098; baseline -0.004 -9"><span class='ocrx_word' id='word_1_118' title='bbox 394 3022 447 3098; x_wconf 74' lang='grc' dir='ltr'>ἤδη</span> <span class='ocrx_word' id='word_1_119' title='bbox 471 3022 663 3091; x_wconf 68' lang='grc' dir='ltr'><em>ἁλωκότα.</em></span> 
     </span>
    </p>

    <p class='ocr_par' dir='ltr' id='par_1_10' title="bbox 202 3137 1385 4582">
     <span class='ocr_line' id='line_1_19' title="bbox 251 3137 1328 3223; baseline 0 -21"><span class='ocrx_word' id='word_1_120' title='bbox 251 3138 412 3220; x_wconf 79' lang='lat' dir='ltr'>„Forma”</span> <span class='ocrx_word' id='word_1_121' title='bbox 436 3139 546 3203; x_wconf 85' lang='lat' dir='ltr'>scribit</span> <span class='ocrx_word' id='word_1_122' title='bbox 567 3137 599 3201; x_wconf 87' lang='grc' dir='ltr'>Ν</span> <span class='ocrx_word' id='word_1_123' title='bbox 600 3138 675 3202; x_wconf 90' lang='lat' dir='ltr'>aber</span> <span class='ocrx_word' id='word_1_124' title='bbox 696 3157 766 3222; x_wconf 85' lang='lat' dir='ltr'><strong>pag.</strong></span> <span class='ocrx_word' id='word_1_125' title='bbox 791 3138 832 3202; x_wconf 80' lang='lat'>37</span> <span class='ocrx_word' id='word_1_126' title='bbox 856 3139 997 3222; x_wconf 91' lang='lat' dir='ltr'>(propter</span> <span class='ocrx_word' id='word_1_127' title='bbox 1015 3138 1169 3203; x_wconf 89' lang='lat' dir='ltr'>abiectam</span> <span class='ocrx_word' id='word_1_128' title='bbox 1188 3139 1328 3223; x_wconf 90' lang='lat' dir='ltr'>redupli-</span> 
     </span>
     <span class='ocr_line' id='line_1_20' title="bbox 206 3250 1329 3336; baseline 0.002 -22"><span class='ocrx_word' id='word_1_129' title='bbox 206 3253 374 3335; x_wconf 83' lang='lat' dir='ltr'>cationem)</span> <span class='ocrx_word' id='word_1_130' title='bbox 408 3257 439 3316; x_wconf 88' lang='lat' dir='ltr'>et</span> <span class='ocrx_word' id='word_1_131' title='bbox 466 3270 522 3336; x_wconf 89' lang='lat' dir='ltr'>per</span> <span class='ocrx_word' id='word_1_132' title='bbox 546 3270 580 3316; x_wconf 91' lang='lat' dir='ltr'>se</span> <span class='ocrx_word' id='word_1_133' title='bbox 603 3252 660 3313; x_wconf 89' lang='lat' dir='ltr'>vix</span> <span class='ocrx_word' id='word_1_134' title='bbox 684 3250 857 3315; x_wconf 86' lang='lat' dir='ltr'>tolerabilis</span> <span class='ocrx_word' id='word_1_135' title='bbox 880 3256 944 3331; x_wconf 87' lang='lat' dir='ltr'>est;</span> <span class='ocrx_word' id='word_1_136' title='bbox 969 3251 1084 3316; x_wconf 89' lang='lat' dir='ltr'>deinde</span> <span class='ocrx_word' id='word_1_137' title='bbox 1105 3252 1230 3316; x_wconf 89' lang='lat' dir='ltr'>etiamsi</span> <span class='ocrx_word' id='word_1_138' title='bbox 1252 3252 1329 3316; x_wconf 87' lang='lat' dir='ltr'>tole·</span> 
     </span>
     <span class='ocr_line' id='line_1_21' title="bbox 204 3363 1327 3448; baseline -0.001 -20"><span class='ocrx_word' id='word_1_139' title='bbox 204 3384 322 3447; x_wconf 89' lang='lat' dir='ltr'>remus,</span> <span class='ocrx_word' id='word_1_140' title='bbox 356 3384 421 3428; x_wconf 89' lang='lat' dir='ltr'>non</span> <span class='ocrx_word' id='word_1_141' title='bbox 462 3364 668 3428; x_wconf 83' lang='lat' dir='ltr'>tolerabimus</span> <span class='ocrx_word' id='word_1_142' title='bbox 702 3368 808 3427; x_wconf 88' lang='lat' dir='ltr'>tamon</span> <span class='ocrx_word' id='word_1_143' title='bbox 841 3365 978 3446; x_wconf 87' lang='lat' dir='ltr'>primam</span> <span class='ocrx_word' id='word_1_144' title='bbox 1013 3363 1169 3444; x_wconf 90' lang='lat' dir='ltr'>syllabam</span> <span class='ocrx_word' id='word_1_145' title='bbox 1203 3366 1327 3448; x_wconf 86' lang='lat' dir='ltr'>corripi.</span> 
     </span>
     <span class='ocr_line' id='line_1_22' title="bbox 204 3475 1329 3560; baseline -0.001 -18"><span class='ocrx_word' id='word_1_146' title='bbox 204 3478 311 3543; x_wconf 83' lang='lat' dir='ltr'>Placet</span> <span class='ocrx_word' id='word_1_147' title='bbox 339 3475 500 3540; x_wconf 61' lang='lat' dir='ltr'>trauaa&#39;z</span> <span class='ocrx_word' id='word_1_148' title='bbox 524 3476 599 3541; x_wconf 90' lang='lat' dir='ltr'>Non</span> <span class='ocrx_word' id='word_1_149' title='bbox 622 3475 886 3540; x_wconf 83' lang='lat' dir='ltr'>Schmidtius</span> <span class='ocrx_word' id='word_1_150' title='bbox 910 3477 1036 3560; x_wconf 92' lang='lat' dir='ltr'>aliquis,</span> <span class='ocrx_word' id='word_1_151' title='bbox 1058 3483 1095 3540; x_wconf 92' lang='lat' dir='ltr'>ut</span> <span class='ocrx_word' id='word_1_152' title='bbox 1118 3478 1227 3542; x_wconf 86' lang='lat' dir='ltr'>scribit</span> <span class='ocrx_word' id='word_1_153' title='bbox 1250 3479 1329 3541; x_wconf 93' lang='lat' dir='ltr'>ami·</span> 
     </span>
     <span class='ocr_line' id='line_1_23' title="bbox 204 3590 1327 3674; baseline 0 -20"><span class='ocrx_word' id='word_1_154' title='bbox 204 3611 270 3674; x_wconf 90' lang='lat' dir='ltr'>cus,</span> <span class='ocrx_word' id='word_1_155' title='bbox 301 3591 357 3656; x_wconf 89' lang='lat' dir='ltr'>scd</span> <span class='ocrx_word' id='word_1_156' title='bbox 393 3596 485 3654; x_wconf 84' lang='lat' dir='ltr'>retus</span> <span class='ocrx_word' id='word_1_157' title='bbox 516 3590 648 3654; x_wconf 88' lang='lat' dir='ltr'>Pindari</span> <span class='ocrx_word' id='word_1_158' title='bbox 680 3591 781 3654; x_wconf 85' lang='lat' dir='ltr'>editor</span> <span class='ocrx_word' id='word_1_159' title='bbox 810 3594 841 3653; x_wconf 89' lang='lat' dir='ltr'>et</span> <span class='ocrx_word' id='word_1_160' title='bbox 864 3590 1013 3674; x_wconf 85' lang='lat' dir='ltr'>egregius</span> <span class='ocrx_word' id='word_1_161' title='bbox 1035 3609 1193 3673; x_wconf 89' lang='lat' dir='ltr'>prosuae</span> <span class='ocrx_word' id='word_1_162' title='bbox 1216 3591 1327 3654; x_wconf 89' lang='lat' dir='ltr'>aetatis</span> 
     </span>
     <span class='ocr_line' id='line_1_24' title="bbox 204 3703 1326 3787; baseline -0.002 -18"><span class='ocrx_word' id='word_1_163' title='bbox 204 3705 334 3769; x_wconf 91' lang='lat' dir='ltr'>modulo</span> <span class='ocrx_word' id='word_1_164' title='bbox 365 3706 503 3787; x_wconf 79' lang='lat' dir='ltr'>criticae,</span> <span class='ocrx_word' id='word_1_165' title='bbox 527 3704 712 3787; x_wconf 82' lang='lat' dir='ltr'>Schmid,</span> <span class='ocrx_word' id='word_1_166' title='bbox 736 3703 1016 3786; x_wconf 87' lang='lat' dir='ltr'>reduplicationem</span> <span class='ocrx_word' id='word_1_167' title='bbox 1042 3703 1141 3784; x_wconf 84' lang='lat' dir='ltr'>(codd.</span> <span class='ocrx_word' id='word_1_168' title='bbox 1164 3703 1326 3785; x_wconf 73' lang='grc' dir='ltr'><em>ἑαλωκότα)</em></span> 
     </span>
     <span class='ocr_line' id='line_1_25' title="bbox 204 3817 1327 3901; baseline 0.002 -20"><span class='ocrx_word' id='word_1_169' title='bbox 204 3818 325 3881; x_wconf 86' lang='lat' dir='ltr'>abiecit.</span> <span class='ocrx_word' id='word_1_170' title='bbox 357 3817 517 3900; x_wconf 78' lang='lat' dir='ltr'>Equidem</span> <span class='ocrx_word' id='word_1_171' title='bbox 548 3837 613 3881; x_wconf 90' lang='lat' dir='ltr'>non</span> <span class='ocrx_word' id='word_1_172' title='bbox 636 3818 737 3900; x_wconf 84' lang='lat' dir='ltr'>rideo,</span> <span class='ocrx_word' id='word_1_173' title='bbox 762 3837 825 3901; x_wconf 92' lang='lat' dir='ltr'>quo</span> <span class='ocrx_word' id='word_1_174' title='bbox 847 3822 948 3901; x_wconf 88' lang='lat' dir='ltr'>pacto,</span> <span class='ocrx_word' id='word_1_175' title='bbox 968 3817 1089 3883; x_wconf 86' lang='lat' dir='ltr'>abiecta</span> <span class='ocrx_word' id='word_1_176' title='bbox 1113 3818 1210 3882; x_wconf 91' lang='lat' dir='ltr'>semel</span> <span class='ocrx_word' id='word_1_177' title='bbox 1233 3818 1327 3883; x_wconf 91' lang='lat' dir='ltr'>redu·</span> 
     </span>
     <span class='ocr_line' id='line_1_26' title="bbox 203 3912 1328 4016; baseline 0 -22"><span class='ocrx_word' id='word_1_178' title='bbox 203 3931 381 4016; x_wconf 87' lang='lat' dir='ltr'>plicatione,</span> <span class='ocrx_word' id='word_1_179' title='bbox 413 3933 516 4015; x_wconf 91' lang='lat' dir='ltr'>prima</span> <span class='ocrx_word' id='word_1_180' title='bbox 551 3930 674 4013; x_wconf 88' lang='lat' dir='ltr'>syllaba</span> <span class='ocrx_word' id='word_1_181' title='bbox 707 3932 840 4015; x_wconf 90' lang='lat' dir='ltr'>produci</span> <span class='ocrx_word' id='word_1_182' title='bbox 876 3936 979 4014; x_wconf 86' lang='lat' dir='ltr'>queat,</span> <span class='ocrx_word' id='word_1_183' title='bbox 1011 3950 1136 4014; x_wconf 85' lang='lat' dir='ltr'>sempor</span> <span class='ocrx_word' id='word_1_184' title='bbox 1165 3912 1250 3995; x_wconf 90' lang='lat' dir='ltr'>enim</span> <span class='ocrx_word' id='word_1_185' title='bbox 1282 3932 1328 3996; x_wconf 90' lang='lat' dir='ltr'>sic</span> 
     </span>
     <span class='ocr_line' id='line_1_27' title="bbox 204 4040 1327 4128; baseline 0.001 -20"><span class='ocrx_word' id='word_1_186' title='bbox 204 4044 311 4128; x_wconf 91' lang='lat' dir='ltr'>habui,</span> <span class='ocrx_word' id='word_1_187' title='bbox 340 4047 375 4107; x_wconf 87' lang='lat' dir='ltr'>in</span> <span class='ocrx_word' id='word_1_188' title='bbox 406 4041 523 4108; x_wconf 70' lang='lat' dir='ltr'>idaeae</span> <span class='ocrx_word' id='word_1_189' title='bbox 549 4045 691 4109; x_wconf 88' lang='lat' dir='ltr'>vocalem</span> <span class='ocrx_word' id='word_1_190' title='bbox 716 4045 838 4128; x_wconf 79' lang='lat' dir='ltr'>corripi,</span> <span class='ocrx_word' id='word_1_191' title='bbox 858 4045 893 4108; x_wconf 89' lang='lat' dir='ltr'>in</span> <span class='ocrx_word' id='word_1_192' title='bbox 916 4040 1009 4106; x_wconf 81' lang='grc' dir='ltr'>ἐνίκων</span> <span class='ocrx_word' id='word_1_193' title='bbox 1032 4044 1174 4127; x_wconf 89' lang='lat' dir='ltr'>produci,</span> <span class='ocrx_word' id='word_1_194' title='bbox 1197 4051 1234 4109; x_wconf 90' lang='lat' dir='ltr'>ut</span> <span class='ocrx_word' id='word_1_195' title='bbox 1256 4065 1327 4128; x_wconf 92' lang='lat' dir='ltr'>pro-</span> 
     </span>
     <span class='ocr_line' id='line_1_28' title="bbox 205 4156 1385 4242; baseline 0 -20"><span class='ocrx_word' id='word_1_196' title='bbox 205 4159 335 4222; x_wconf 89' lang='lat' dir='ltr'>ducitur</span> <span class='ocrx_word' id='word_1_197' title='bbox 357 4159 391 4221; x_wconf 88' lang='lat' dir='ltr'>in</span> <span class='ocrx_word' id='word_1_198' title='bbox 413 4157 511 4237; x_wconf 80' lang='grc' dir='ltr'>ἑώρων,</span> <span class='ocrx_word' id='word_1_199' title='bbox 534 4159 703 4242; x_wconf 89' lang='lat' dir='ltr'>corripitur</span> <span class='ocrx_word' id='word_1_200' title='bbox 722 4159 756 4221; x_wconf 90' lang='lat' dir='ltr'>in</span> <span class='ocrx_word' id='word_1_201' title='bbox 775 4156 879 4236; x_wconf 83' lang='grc' dir='ltr'><em>ἑόρακα</em></span> <span class='ocrx_word' id='word_1_202' title='bbox 900 4157 1133 4241; x_wconf 85' lang='lat' dir='ltr'>similibusque.</span> <span class='ocrx_word' id='word_1_203' title='bbox 1146 4156 1194 4221; x_wconf 89' lang='lat' dir='ltr'>De</span> <span class='ocrx_word' id='word_1_204' title='bbox 1206 4158 1328 4222; x_wconf 88' lang='lat' dir='ltr'>abiecta</span> <span class='ocrx_word' id='word_1_205' title='bbox 1384 4183 1385 4186; x_wconf 43' lang='lat'>¹</span> 
     </span>
     <span class='ocr_line' id='line_1_29' title="bbox 202 4270 1326 4356; baseline -0.002 -19"><span class='ocrx_word' id='word_1_206' title='bbox 202 4273 452 4356; x_wconf 85' lang='lat' dir='ltr'>reduplicatione</span> <span class='ocrx_word' id='word_1_207' title='bbox 476 4292 542 4335; x_wconf 87' lang='lat' dir='ltr'>non</span> <span class='ocrx_word' id='word_1_208' title='bbox 565 4270 665 4335; x_wconf 85' lang='lat' dir='ltr'>habeo</span> <span class='ocrx_word' id='word_1_209' title='bbox 690 4271 776 4354; x_wconf 92' lang='lat' dir='ltr'>quod</span> <span class='ocrx_word' id='word_1_210' title='bbox 802 4271 913 4353; x_wconf 86' lang='lat' dir='ltr'>dicam,</span> <span class='ocrx_word' id='word_1_211' title='bbox 938 4271 993 4334; x_wconf 90' lang='lat' dir='ltr'>sed</span> <span class='ocrx_word' id='word_1_212' title='bbox 1020 4272 1142 4335; x_wconf 87' lang='lat' dir='ltr'>invitus</span> <span class='ocrx_word' id='word_1_213' title='bbox 1165 4274 1326 4355; x_wconf 88' lang='lat' dir='ltr'>poeticum</span> 
     </span>
     <span class='ocr_line' id='line_1_30' title="bbox 203 4382 1326 4466; baseline -0.001 -18"><span class='ocrx_word' id='word_1_214' title='bbox 203 4385 355 4448; x_wconf 76' lang='grc' dir='ltr'><em>ἑαλωκότα</em></span> <span class='ocrx_word' id='word_1_215' title='bbox 378 4384 523 4465; x_wconf 89' lang='lat' dir='ltr'>abiciam,</span> <span class='ocrx_word' id='word_1_216' title='bbox 546 4384 622 4448; x_wconf 89' lang='lat' dir='ltr'>licet</span> <span class='ocrx_word' id='word_1_217' title='bbox 646 4403 710 4466; x_wconf 90' lang='lat' dir='ltr'>quo</span> <span class='ocrx_word' id='word_1_218' title='bbox 733 4388 824 4466; x_wconf 87' lang='lat' dir='ltr'>paeto</span> <span class='ocrx_word' id='word_1_219' title='bbox 848 4387 940 4446; x_wconf 88' lang='lat' dir='ltr'>tuear</span> <span class='ocrx_word' id='word_1_220' title='bbox 962 4383 1048 4446; x_wconf 91' lang='lat' dir='ltr'>haud</span> <span class='ocrx_word' id='word_1_221' title='bbox 1067 4384 1231 4466; x_wconf 86' lang='lat' dir='ltr'>reperiam.</span> <span class='ocrx_word' id='word_1_222' title='bbox 1242 4382 1326 4447; x_wconf 90' lang='lat' dir='ltr'>Nam</span> 
     </span>
     <span class='ocr_line' id='line_1_31' title="bbox 203 4492 1328 4582; baseline -0.002 -20"><span class='ocrx_word' id='word_1_223' title='bbox 203 4498 438 4582; x_wconf 85' lang='lat' dir='ltr'>transponendo</span> <span class='ocrx_word' id='word_1_224' title='bbox 463 4492 555 4569; x_wconf 82' lang='grc' dir='ltr'>Ἤδκ</span> <span class='ocrx_word' id='word_1_225' title='bbox 581 4496 610 4559; x_wconf 91' lang='grc' dir='ltr'>’κ</span> <span class='ocrx_word' id='word_1_226' title='bbox 633 4494 757 4559; x_wconf 68' lang='grc' dir='ltr'>θανάτων</span> <span class='ocrx_word' id='word_1_227' title='bbox 778 4493 897 4572; x_wconf 82' lang='grc' dir='ltr'>κνρκίσαν</span> <span class='ocrx_word' id='word_1_228' title='bbox 918 4494 948 4580; x_wconf 69' lang='lat' dir='ltr'>fs</span> <span class='ocrx_word' id='word_1_229' title='bbox 966 4492 1035 4558; x_wconf 72' lang='lat' dir='ltr'>alva</span> <span class='ocrx_word' id='word_1_230' title='bbox 1039 4493 1062 4575; x_wconf 86' lang='grc' dir='ltr'>ρ’</span> <span class='ocrx_word' id='word_1_231' title='bbox 1080 4494 1232 4559; x_wconf 75' lang='grc' dir='ltr'><em>ἑαλωκότα</em></span> <span class='ocrx_word' id='word_1_232' title='bbox 1243 4498 1328 4560; x_wconf 85' lang='lat' dir='ltr'>iusto</span> 
     </span>
    </p>
   </div>
   <div class='ocr_carea' id='block_1_8' title="bbox 0 0 1720 5554">
    <p class='ocr_par' dir='ltr' id='par_1_11' title="bbox 0 0 1720 5554">
     <span class='ocr_line' id='line_1_32' title="bbox 0 0 1720 5554; baseline 0 0"><span class='ocrx_word' id='word_1_233' title='bbox 0 0 1720 5554; x_wconf 95' lang='lat' dir='ltr'> </span> 
     </span>
    </p>
   </div>
  </div>
 </body>
</html>
