3430 5554
770 722 824 809 aa,

268 907 308 971 V.
334 909 405 971 133.
435 906 459 970 oi
488 907 514 971 δ’
539 904 713 972 anacam.
747 905 845 970 Error
862 924 920 989 per
942 905 1097 968 editiones
1121 903 1257 985 turpiter
1280 919 1353 984 pro-

225 1025 358 1104 pagatus
380 1039 437 1104 pro
460 1017 632 1083 ε’Φέστιιτε.
657 1018 741 1120 Nam
764 1015 907 1093 ἑσπόμην·
922 1016 1017 1081 habet
1030 1017 1179 1100 spiritum
1192 1033 1348 1098 asperum.

269 1230 308 1295 V.
334 1231 405 1294 136.
429 1233 542 1309 Τυροῦς
565 1225 821 1308 ε’ραΣΙττλικάμον.

269 1343 341 1408 Ηοο
374 1344 456 1408 foret
500 1344 800 1408 cincinnorum
845 1360 1002 1422 amans,
1043 1344 1081 1404 ut
1124 1339 1352 1402 carminum

226 1461 354 1523 amica
376 1456 570 1537 ἐρασίμιλτος
593 1462 703 1541 aptum
727 1461 775 1520 est
797 1455 925 1519 Thaliae
948 1454 1109 1538 epitheton
1133 1451 1168 1516 Ο.
1192 1451 1277 1515 XIV
1303 1452 1354 1535 15,

227 1571 282 1635 sed
316 1572 613 1634 cincinnorum
650 1589 791 1634 amans
826 1587 892 1632 non
923 1569 987 1632 nisi
1019 1569 1054 1630 in
1086 1567 1244 1650 vituperio
1278 1567 1355 1649 poni

226 1688 356 1769 poterat.
377 1683 510 1767 Scripsit
529 1701 604 1747 vero
624 1681 794 1764 Pindarus,
805 1683 840 1744 ni
851 1681 952 1763 fallor,
964 1677 1244 1760 ε’ραΤΟτηικάμιυ,
1267 1678 1355 1762 pul-

227 1799 338 1862 chris
360 1798 592 1879 cincinnis,
607 1779 653 1860 ut
674 1796 792 1884 legitur
815 1795 900 1880 apud
924 1793 1089 1878 Orpheum
1111 1792 1152 1857 H.
1179 1794 1232 1876 42,
1254 1793 1283 1856 2.
1310 1791 1354 1856 cf.

227 1911 367 1992 ἐρατῶτις
387 1916 419 1976 et
439 1909 621 1990 ε’ρατόχρινς.

271 2107 310 2173 V.
335 2109 408 2172 142.
765 2106 822 2185 μιά
844 2115 953 2172 ΒΟΤΣ
982 2107 1087 2187 Κρηθεῖ
1106 2130 1140 2170 τε
1163 2103 1262 2186 μάτηρ

437 2219 487 2284 κα1
510 2220 689 2301 θρασυμήδεϊ
708 2227 875 2298 Σαλμωνεῖ.

271 2335 490 2418 Invenustam,
515 2337 659 2419 quinimo
683 2336 913 2419 incredibilem,
935 2336 1105 2400 lectionem
1123 2334 1245 2398 frustra
1256 2334 1354 2397 inter-

192 2515 195 2521 ,
228 2456 331 2535 pretes
353 2453 445 2532 tueri,
468 2452 633 2515 ostendere
657 2451 795 2516 conabar
817 2451 932 2516 Pind.
956 2452 1006 2534 16,
1027 2457 1058 2516 et
1079 2451 1199 2535 protuli
1220 2451 1356 2533 auspici·

228 2584 331 2646 onem,
357 2564 550 2629 vocabulum
574 2567 752 2649 antiquitus
775 2550 880 2631 errore
904 2572 1015 2631 natum
1040 2584 1109 2630 esse
1133 2583 1174 2629 ex
1196 2564 1347 2628 Boeotico

229 2686 314 2742 ΦΟΤ
339 2680 368 2760 (1.
381 2697 406 2742 e.
430 2681 486 2760 φῦ)
511 2678 592 2742 male
614 2678 782 2762 intellecto,
806 2683 977 2743 neomuto
1001 2679 1199 2743 sententiam.

272 2888 312 2952 V.
336 2889 409 2952 139.
432 2884 493 2950 ε’ντ1
515 2888 570 2964 μὲν
593 2888 703 2951 θνατῶν
725 2886 827 2969 Φρένες
850 2884 1051 2967 ὠκύτεραι

439 2999 535 3082 κε’ρδις
556 3002 673 3074 αἰνῆσαι
696 3001 748 3080 τρὸ
772 2999 855 3073 δίκας
878 2999 978 3064 δόλιον.

274 3115 346 3180 Non
380 3117 540 3199 persuasit
562 3115 641 3178 mihi
663 3114 771 3180 Naber
793 3116 953 3180 coniciens
977 3111 1174 3193 ὠκύποροι.
1197 3113 1355 3197 Equidem
1473 3176 1474 3180 ,

179 3233 184 3240 ’
229 3229 264 3291 in
287 3212 506 3313 comparativo
523 3230 576 3292 hic
599 3249 665 3293 non
684 3231 786 3314 magis
807 3230 920 3293 haereo
933 3248 1031 3312 quam
1044 3248 1074 3292 v.
1087 3247 1114 3291 c.
1127 3227 1218 3292 Nem.
1231 3227 1282 3291 XI
1295 3230 1355 3291 22:
1436 3302 1438 3306 .

229 3339 350 3415 εήτίδες
385 3342 411 3405 δ’
446 3339 697 3423 ὀκνηρότεραι
731 3340 834 3419 γονέων
868 3340 972 3412 παιδὸς
1004 3339 1075 3418 βίαν
1100 3337 1169 3419 ἔχιν
1193 3340 1222 3402 ἐν
1246 3341 1357 3404 Πυθῶνι

230 3455 378 3535 πειρᾶσθαι
398 3452 449 3518 καὶ
470 3454 631 3538 Ὀλυμτίρ
642 3453 761 3519 atauo.
775 3454 1016 3539 Comparativus
1029 3453 1149 3518 Graece
1162 3473 1255 3537 saepe
1266 3454 1358 3536 poni·

230 3572 284 3631 tur
306 3573 344 3631 ut
362 3568 448 3651 apud
466 3566 605 3650 Latione,
617 3573 654 3632 ut
671 3569 756 3636 iusto
771 3569 922 3632 maiorem
934 3567 1069 3651 gradum
1082 3565 1246 3650 significet.
1259 3565 1358 3630 Verte

232 3680 475 3762 celeriores,
498 3681 556 3744 ie.
579 3680 676 3764 plus
700 3701 833 3766 aequo
858 3681 1031 3746 celeres.
1054 3680 1168 3764 Neque
1188 3699 1224 3744 eo
1246 3679 1358 3744 confu-

230 3795 325 3878 giam,
349 3799 386 3858 ut
408 3794 512 3859 dicam
534 3794 710 3860 Pindarum
729 3795 782 3859 hic
801 3796 966 3878 scripsisse
988 3793 1040 3874 τρὸ
1060 3791 1144 3865 δίκας
1163 3813 1222 3878 pro
1234 3789 1250 3865 ἢ
1264 3791 1356 3855 δίκαν.

275 3993 314 4057 V.
340 3995 412 4058 154.
435 3992 503 4057 άνευ
526 3990 615 4068 ξυνάς
638 3991 732 4066 άνίας,
758 3995 851 4058 sine
874 3992 1269 4077 communidolore,
1299 3992 1321 4055 i.
1334 4009 1359 4054 e.

233 4107 302 4172 sine
324 4109 402 4172 rixa.
426 4107 501 4172 Non
523 4108 681 4172 intellexit
703 4106 841 4193 Mezger.

276 4305 316 4369 V.
341 4307 413 4370 163.
728 4300 941 4382 μεμάντευμαι
964 4303 990 4368 δ’
1013 4301 1061 4368 tal
1084 4301 1224 4385 Καςαλίρι

320 4417 344 4481 εἶ
363 4411 621 4495 μετάλλατόν
644 4439 681 4480 τι.
706 4414 758 4480 καὶ
780 4417 817 4488 ὡς
836 4413 934 4494 τάχος
954 4414 1057 4496 ὀτρύνει
1071 4412 1356 4498 (11111131μετε11χειν

1095 4524 1157 4614 [ναῒ
1175 4525 1311 4605 τιμτάν.

1243 4641 1258 4689 8
