3430 5554
772 695 813 756 13

233 902 342 968 geram
364 879 447 961 ἀκρον
482 900 577 964 quam
608 875 701 958 ἀδρίν,
730 878 786 942 sed
815 895 946 960 prorsus
981 875 1061 938 nihil
1098 878 1146 938 est
1175 874 1210 936 iu
1246 872 1359 936 tradita

233 997 377 1078 lectione,
402 994 488 1078 quod
511 994 623 1057 meritc
648 993 819 1076 quisquam
842 990 1010 1073 vituperet.

277 1220 317 1284 V.
343 1221 392 1283 10.
482 1215 603 1280 ἀείδει
627 1214 682 1292 ροέν
704 1213 796 1284 ἀλσος
818 1211 907 1290 ἀννέν
930 1211 963 1276 τὸ
986 1211 1049 1274 τεέν
1073 1210 1133 1274 κτέ.

277 1332 453 1396 Verissime
485 1329 611 1419 Heckor
632 1324 719 1411 ἀέξει,
741 1333 778 1422 ut
800 1326 944 1408 arbitror,
966 1326 1041 1389 licet
1061 1325 1196 1390 fortasse
1220 1321 1360 1408 cogitari

235 1465 365 1530 quoquo
388 1445 487 1529 possit
510 1443 549 1507 de
570 1442 752 1526 reponendo
775 1439 902 1520 ἀείρει.
928 1437 964 1503 Ο.
988 1437 1039 1502 IX
1063 1438 1104 1502 20

423 1553 482 1621 ίίεν
502 1552 638 1637 scodra
662 1552 748 1618 ἀοιτοι
770 1551 883 1617 κλοτάν

424 1671 539 1750 Λοκρῶν
563 1666 783 1746 ἐπαείροντι
808 1661 912 1745 ματέρ’
932 1661 1153 1743 ἀγλαόδενδρον.

281 1888 406 1973 Olymp.
440 1889 488 1952 VI
519 1890 547 1952 7.
577 1886 742 1968 ἐπικύρσαις
764 1887 897 1969 ἀφθόνων
920 1887 999 1954 ἀςῶν
1022 1887 1051 1950 ἐν
1074 1885 1207 1968 ἱμερταῖς
1230 1886 1356 1961 ἀοιδαῖς.

201 2042 204 2048 ,
235 2003 318 2068 Male
341 2005 528 2086 interpretes
550 2003 690 2085 iungunt
710 1998 876 2080 ἐπικύρσαις
896 2001 924 2064 ἐν
947 2000 1071 2072 ἀοιδαῖς,
1098 2022 1172 2066 nam
1192 2003 1237 2066 ita
1248 2001 1359 2068 abasse

237 2116 388 2181 debuerat
417 2117 615 2200 praepositio.
636 2114 748 2179 Verte:
773 2119 923 2178 nactus
947 2115 1063 2179 cives
1087 2135 1165 2178 non
1188 2116 1360 2180 invidos

237 2230 403 2314 (copiosos)
425 2231 468 2292 in
490 2228 689 2292 cautibus
712 2229 893 2292 iucundi
910 2247 934 2291 s.
957 2226 1085 2292 Pindar.
1111 2230 1161 2292 10.

281 2450 445 2536 OlympV
455 2452 505 2514 12.
515 2450 657 2516 Conieci:
671 2450 811 2528 Ἀγασία,
824 2449 871 2514 τίν
883 2451 908 2515 δ’
922 2443 998 2523 αίνος
1010 2451 1136 2528 ἑτοῖμος,
1150 2448 1179 2513 ἐν
1202 2449 1360 2515 ἐνδίκου

240 2563 316 2650 (pro
346 2565 374 2628 ἐν
397 2563 483 2650 δίκα)
510 2563 539 2650 ί]
561 2563 620 2628 ἀπὸ
642 2563 783 2642 γλώσσας
807 2560 955 2644 Ἂδραςος
968 2559 1198 2644 -ἐφίέγξατο,
1219 2563 1361 2630 Ibidem.

280 2787 321 2850 V.
343 2787 393 2851 15.
437 2786 516 2852 ἐππά
539 2787 564 2851 δ’
588 2785 689 2851 ἔπειτα
712 2792 805 2868 πνράν
827 2790 929 2868 νεκρῶν
951 2785 1233 2852 τελεσθέντων.

281 2900 389 2966 Nabar
412 2921 480 2986 pag.
505 2903 546 2965 30
575 2905 687 2966 merito
709 2903 893 2987 repudiatis,
916 2902 972 2966 sed
995 2903 1080 2966 iusto
1104 2901 1249 2967 acerbius
1278 2904 1363 2966 vitu·

238 3016 362 3098 peratis
386 3035 445 3079 sex
467 3017 610 3080 virorum
634 3017 799 3080 doctorum
822 3017 1023 3098 coniecturis,
1043 3017 1111 3099 ipse
1132 3016 1167 3080 id
1189 3017 1359 3100 proposuit

240 3129 326 3213 quod
359 3149 453 3194 nemo
476 3130 607 3194 Pindari
630 3132 801 3195 admirator
823 3150 843 3193 a
865 3151 992 3194 summa
1015 3137 1108 3214 poeta
1132 3131 1194 3194 dici
1216 3132 1360 3214 potuisse

240 3241 301 3306 sibi
333 3241 537 3325 persuadebit
568 3241 652 3313 τέλος
686 3241 798 3315 θέντων,
843 3243 929 3326 quod
961 3245 989 3306 si
1019 3245 1053 3306 in
1089 3241 1239 3306 omnibus
1273 3241 1363 3307 libris

238 3355 403 3438 legeretur,
438 3361 475 3420 ut
497 3353 692 3435 χαραίζνλον
715 3361 747 3420 et
767 3355 964 3435 ἀπειρόκαλον,
988 3357 1075 3420 haud
1097 3356 1206 3420 minus
1232 3375 1364 3440 suspec-

239 3473 309 3533 tum
331 3470 504 3533 iudicarem
530 3489 626 3553 quam
649 3470 735 3554 quod
755 3490 842 3534 nnnc
865 3473 1020 3554 scriptum
1039 3476 1150 3535 exstat.
1172 3469 1272 3546 Quasi
1286 3489 1361 3534 vero

239 3583 397 3648 eiusmodi
431 3584 558 3648 lectioni
591 3584 748 3668 praesidio
784 3585 825 3647 sit
855 3583 889 3647 id
913 3584 1010 3668 quod,
1032 3583 1162 3647 allatum
1187 3604 1205 3647 a
1228 3582 1364 3664 Nubere,

239 3696 407 3780 magnifice
429 3702 520 3780 poeta
542 3697 624 3760 dixit
648 3695 683 3760 O.
706 3696 739 3759 H
764 3696 805 3758 15
829 3695 889 3759 οὐδ’
913 3694 950 3759 ἀν
972 3693 1074 3775 χρόνος
1096 3694 1109 3758 ὃ
1129 3692 1247 3759 πάντοον
1266 3693 1364 3772 πατὴρ

239 3805 353 3872 δύναιτο
377 3807 461 3886 ίέρςεν
483 3806 571 3888 ἔργον
594 3806 687 3881 τέλος.

283 3920 450 3986 Poeticum
486 3921 598 3986 saltem
632 3927 679 3986 est
714 3925 745 3985 et
777 3920 987 3984 Pindaricum
1021 3921 1107 4004 quod
1140 3921 1293 4006 proposui
1330 3921 1384 3983 in.

240 4033 485 4099 Pindaricis
509 4056 538 4119 p.
565 4036 624 4098 10:

428 4145 507 4210 ἐπτά
530 4146 556 4210 δ’
581 4144 683 4209 ἔπειτα
705 4147 797 4225 πνράν
816 4148 916 4225 νεκρῶν
938 4168 980 4208 τε
1003 4144 1258 4219 δαισίέντοιν,

241 4265 399 4343 septem
424 4259 575 4343 deindo
605 4261 720 4342 rogis
743 4257 1109 4342 cadaveribusque
1132 4259 1229 4343 igne
1252 4278 1366 4324 vora-

239 4374 311 4455 tis,
335 4373 373 4435 cl.
398 4371 436 4435 N.
459 4371 517 4434 IX.
543 4373 595 4453 24,
619 4369 674 4435 ubi
697 4376 745 4435 ost
761 4371 800 4434 de
821 4369 1154 4450 θοάοιοοοεέπτάνάρ
1177 4370 1367 4435 δαίσαντο

239 4483 327 4564 πνραί
357 4483 497 4561 νεογυίους
532 4485 638 4563 Φάτας
661 4488 693 4548 et
717 4482 827 4566 Eurip.
850 4483 977 4547 Heraol.
1004 4484 1067 4546 914
1090 4482 1139 4546 τὸν
1162 4482 1256 4548 Ἀίδα
1278 4481 1367 4560 δόμον
