3430 5554
313 1745 528 1833 Posteaquam
572 1750 607 1812 in
651 1736 880 1832 supplementis
919 1748 1083 1812 annalium
1124 1749 1389 1833 philologicorum

269 1862 381 1944 scripsi
414 1861 653 1942 Pindarica,
689 1880 771 1944 quae
806 1861 881 1924 inde
915 1879 1060 1924 seorsum
1089 1879 1240 1944 expressa
1264 1860 1390 1946 Lipsiae

266 1973 452 2056 prodierunt
482 1974 566 2056 apud
593 1973 796 2038 Teubnerum
818 1993 845 2036 a.
871 1973 966 2054 1882,
989 1971 1166 2036 Pindarum
1189 1975 1316 2057 saepius
1339 1976 1388 2037 in-

266 2093 353 2152 tenta
388 2093 494 2152 mente
524 2087 588 2172 legi
618 2093 714 2171 atque
744 2087 850 2170 relegi,
873 2105 979 2169 neque
1001 2092 1050 2150 est
1073 2087 1164 2151 facile
1184 2087 1271 2151 ullus
1295 2093 1388 2170 poeta

268 2199 417 2282 Graecus,
441 2220 580 2283 quocum
602 2203 753 2264 maiorem
772 2200 1018 2263 familiaritatem
1038 2201 1184 2263 contraxi
1204 2221 1301 2283 quam
1314 2220 1387 2264 cum

268 2332 393 2377 summo
423 2319 516 2396 poeta
544 2312 701 2377 Thebano.
725 2313 805 2376 Inde
826 2313 945 2376 factum
969 2317 1014 2394 ut,
1037 2313 1111 2376 licet
1134 2314 1385 2398 haudquaquam

267 2427 328 2489 sim
359 2427 488 2490 nescius
520 2431 599 2509 quot
631 2432 662 2490 et
693 2427 821 2509 quantis
846 2425 1087 2488 difficultatibus
1110 2432 1272 2509 prematur
1293 2428 1384 2490 crisis

266 2527 442 2622 Pindarico,
465 2543 583 2603 iterum
606 2540 657 2604 vel
679 2541 786 2622 potius
810 2540 938 2602 tertium
964 2540 1092 2621 (paucos
1112 2540 1197 2602 enim
1217 2538 1303 2603 locos
1322 2541 1387 2603 iam

266 2671 292 2716 a.
329 2652 414 2715 1870
448 2653 538 2735 tetigi
571 2653 605 2714 in
636 2651 847 2715 Miscellaneis
876 2651 992 2714 criticis
1015 2652 1050 2712 in
1075 2650 1191 2731 lyricos
1216 2650 1278 2732 Gr,
1303 2670 1384 2735 quae

266 2767 422 2830 accedunt
456 2763 903 2830 animadversionibus
936 2763 1213 2847 philologieis
1237 2766 1316 2829 meis
1341 2766 1389 2828 ad

264 2877 558 2962 Theognidem)
583 2879 618 2941 in
639 2879 723 2941 hanc
744 2877 933 2961 palaestram
957 2876 1092 2940 audeam
1109 2876 1308 2960 descendere,
1321 2897 1386 2942 una

265 3011 340 3055 cnm
363 2992 618 3069 novis-inventis
643 2993 691 3072 (ut
712 2992 816 3054 omnis
838 3010 928 3055 meae
938 2992 970 3053 in
984 2990 1162 3054 Pindarum
1175 3011 1288 3074 operae
1300 3012 1386 3057 unus

265 3109 455 3188 conspectus
476 3106 527 3185 sit)
543 3105 766 3189 compendiose
778 3106 982 3187 repetiturus
995 3122 1076 3188 quae
1088 3103 1162 3167 alibi
1176 3107 1292 3189 scripta
1304 3125 1384 3168 non-

265 3219 343 3282 dum
364 3219 445 3281 mihi
468 3219 695 3301 displicuerint.
719 3218 758 3281 In
778 3219 853 3282 crisi
873 3223 979 3282 autem
999 3219 1058 3281 hac
1081 3217 1250 3282 Pindarica
1262 3238 1387 3304 semper

264 3352 361 3415 quam
386 3334 527 3396 maximo
558 3338 701 3415 poteram
731 3333 764 3395 id
793 3333 853 3414 egi,
883 3337 919 3395 ut
947 3331 1123 3395 Pindarum
1146 3350 1187 3395 ex
1207 3351 1241 3396 ee
1264 3334 1332 3415 ipso
1356 3339 1387 3397 et

262 3445 486 3528 interpretarer
509 3450 540 3509 et
560 3446 771 3526 emendarem,
793 3446 953 3509 rarissime
974 3445 1108 3508 aliorum
1128 3450 1293 3528 poetarum
1305 3465 1386 3510 usus

262 3559 453 3623 testimoniis
477 3565 517 3642 et,
542 3558 597 3622 ubi
621 3560 726 3642 ipsum
749 3563 874 3642 poetam
895 3563 1007 3622 testem
1027 3559 1202 3641 producere
1223 3577 1287 3621 non
1300 3565 1385 3641 pote·

262 3691 340 3753 ram,
363 3689 488 3756 semper
510 3671 588 3734 mihi
613 3669 769 3735 diffidens.

307 3889 500 3974 Olympi
525 3893 552 3954 3.

327 4004 351 4066 εί
374 4003 399 4066 δ’
424 4002 516 4067 νίείλνν
540 4002 645 4083 γνιρνίεν

326 4113 433 4189 inlexe,
458 4116 545 4196 Φίλνν
568 4111 644 4197 ἦτορ,

327 4227 432 4306 μηκέτ’
458 4229 554 4293 νίελίνν
577 4227 676 4292 cadara

325 4338 400 4405 ἄλλο
431 4339 617 4421 θαλπνότερον
640 4343 669 4405 ἐν
692 4340 790 4424 ἁμέρᾳ
813 4341 937 4421 φαεννὸν
959 4339 1043 4422 νίςρρν
1067 4341 1177 4422 ἐρήμοις
1202 4342 1237 4406 δι’
1264 4341 1382 4423 νιίίὲρρρ,

327 4453 398 4531 μηδ’
424 4453 599 4532 Ὀλυμπίαις
623 4455 726 4532 abaciaco
751 4453 883 4538 φέρτερον
906 4453 1148 4533 abaciacum.
