3430 5554
762 692 805 754 43

221 879 256 944 Ο.
288 878 372 943 XIV
402 845 438 940 6⁵
455 879 658 962 corrigentis:
689 873 736 940 κεῖ
754 876 845 957 σοφάς
870 871 886 948 ἢ
911 878 978 960 (pro
1000 874 1035 956 εἰ)
1058 874 1148 945 κιιοιὸς
1173 869 1189 947 ά
1215 875 1281 958 (pro
1305 872 1341 956 εἰ)

219 1016 264 1065 τις
295 991 412 1071 άρλοιὸς
441 989 521 1072 άνάρ.
545 991 580 1056 Si
603 993 676 1077 quis
699 995 808 1056 nostro
831 992 901 1055 iooo
925 990 1048 1054 mauult
1069 984 1131 1053 κεῖ
1150 1010 1195 1060 τις
1217 984 1344 1070 άντάεις,

219 1124 349 1190 perine
372 1106 454 1188 lieet,
477 1106 533 1170 sed
556 1124 621 1168 non
643 1104 710 1169 foro
734 1105 920 1186 asyndeton.
1002 1131 1004 1134 ·

262 1337 302 1402 V.
327 1337 391 1401 113
415 1358 461 1422 sq.
486 1340 533 1402 sie
555 1335 675 1402 scribo:
700 1333 822 1402 ἄκουσεν
845 1322 964 1400 Δοιννάν
985 1336 1052 1400 ποτ’
1076 1335 1105 1398 ἐν
1124 1331 1231 1416 ’Ἄργει
1250 1333 1280 1422 ss
1291 1328 1344 1399 οἷον

218 1450 331 1531 εὑρὼν
355 1452 422 1535 (pro
446 1444 531 1531 εὗρεν)
556 1447 777 1531 σεσσοιράιιοιτοι
800 1448 851 1514 not
875 1449 948 1514 ὀκτὼ
972 1446 1141 1528 παρθένοισι,
1163 1445 1230 1529 πρὶν
1254 1444 1344 1525 μέσον
1451 1503 1453 1508 .

219 1556 309 1643 ἦμάρ,
328 1559 391 1626 ἕλεν
412 1563 479 1647 (pro
501 1562 590 1646 ἑλεῖν)
606 1561 634 1649 ll
646 1560 794 1628 ὠκύσιοτον
813 1559 925 1642 γάμον,
944 1564 965 1627 i.
978 1581 1003 1628 e.
1028 1561 1237 1644 audivit,
1256 1581 1344 1661 quo

207 1675 414 1741 ¹invento
456 1674 647 1742 Danaus
687 1677 950 1762 aliquando
990 1674 1197 1739 filiabus
1241 1676 1344 1740 suis

219 1788 522 1854 celerrimum
555 1791 909 1856 matrimonium
944 1791 1199 1874 paraverit.

263 2008 357 2091 Pyth.
388 2008 431 2074 X.
462 2012 491 2075 8.
520 2010 691 2094 Ποιρνάσιος.
715 2011 795 2078 Pars
818 2012 973 2078 librorum
997 2009 1191 2092 Ποιρνάσσιος,
1214 2016 1252 2076 ut
1273 2030 1344 2096 per·

221 2125 316 2205 petuo
345 2124 381 2187 in
406 2142 444 2188 es
466 2126 624 2209 scriptura
646 2123 795 2190 varietur.
818 2124 859 2189 In
883 2145 1041 2190 marmore
1064 2124 1160 2189 Pario
1184 2125 1213 2204 (e
1235 2143 1344 2190 reeen-

222 2235 312 2299 sione
345 2234 476 2302 Ioannis
509 2237 607 2302 Flaoh
641 2237 805 2322 Tubingoo
837 2240 934 2322 1884)
957 2233 1004 2304 vs.
1028 2240 1049 2302 4
1072 2238 1205 2322 legitur:
1229 2237 1288 2318 άΦ’
1313 2231 1345 2300 οὗ

222 2346 390 2411 Δεοκοιλίοιν
413 2347 496 2430 ποορά
517 2349 566 2413 τὸν
589 2350 773 2430 ΠοιρννιΣΣὸν
799 2351 827 2414 ἕν
850 2350 1000 2434 Λοκωρείρι
1023 2349 1215 2428 ἕβάσιλειισες
1234 2351 1344 2433 itaque

219 2457 271 2522 m
292 2466 366 2526 ante
389 2461 459 2526 chr.
483 2463 592 2528 seculo
614 2484 733 2530 nomon
756 2465 876 2549 duplici
898 2473 924 2527 Σ
948 2465 1148 2530 exorabatur.
1174 2461 1344 2528 Ourhodie

218 2572 284 2638 fere
305 2575 384 2638 viris
408 2575 509 2640 doctis
531 2577 654 2660 placeat
678 2580 836 2663 scriptura
858 2598 916 2662 por
938 2598 1036 2642 unam
1057 2577 1239 2642 sibilantem
1251 2577 1345 2640 iuxta

219 2705 293 2751 oum
315 2689 528 2782 ignarissimis
549 2691 670 2774 ignoro.

265 2907 304 2973 V.
329 2905 565 2985 10.”Ἀπολλον,
588 2910 685 2990 γλυκὺ
708 2911 735 2976 δ’
759 2911 927 2993 άνάράσιοΝ
949 2910 1033 2985 τέλος
1051 2912 1137 2994 άρχά
1159 2911 1342 2992 τεδιάρνονος

222 3019 355 3103 ὄρνύντοις
388 3019 520 3098 οιάξετοοι.
557 3025 673 3090 Melius
708 3027 858 3110 equidem
888 3027 1070 3111 intellegam
1093 3024 1254 3107 οὶνάράοιοιΙ,
1277 3045 1345 3090 non

223 3138 309 3201 enim
342 3137 381 3201 de
415 3139 668 3222 hominum,
703 3139 759 3204 sod
793 3131 1011 3204 derorum
1041 3141 1344 3204 humanarum

222 3248 286 3314 fine
309 3254 340 3314 ot
361 3251 454 3315 initio
476 3271 581 3316 sermo
605 3256 660 3316 ost.
692 3236 874 3317 Laetus
896 3254 1077 3317 homini
1101 3254 1229 3336 (rorum)
1252 3256 1344 3319 exi·

223 3366 296 3427 tus
329 3366 372 3428 et
404 3363 526 3428 finis
561 3364 642 3429 deo
677 3371 898 3431 movente
930 3366 998 3430 fit.

266 3584 306 3650 V.
330 3585 381 3650 21.
404 3585 464 3658 θεὸς
487 3583 528 3660 εἴν
551 3585 581 3674 ll
603 3586 733 3666 άπάρινιν
757 3585 835 3668 κέοορ.

267 3698 407 3765 Omissa*
422 3701 537 3765 vocula
567 3702 782 3785 conditionali,
806 3721 873 3766 non
904 3703 1036 3767 admitto
1059 3701 1192 3788 Bergkii
1214 3709 1246 3769 et
1268 3704 1345 3768 alio-

221 3832 294 3877 rum
323 3815 632 3898 interpretationem:
670 3800 717 3879 Si
751 3817 857 3899 quis
892 3834 1111 3880 aerumna
1144 3835 1344 3900 prorsus

222 3925 538 4011 fueritliber,
561 3928 655 3992 diis
679 3929 1344 4012 sitoequiparsndus‚etvitium

223 4037 356 4104 subesse
378 4041 479 4104 oredo.
504 4039 631 4125 Optime
653 4042 796 4125 procedit
817 4043 927 4124 oratio,
950 4043 979 4106 si
1001 4061 1058 4126 pro
1077 4038 1118 4115 εἴν
1140 4041 1344 4107 substituerit

223 4151 281 4217 οιίεί
308 4172 383 4217 oum
415 4152 666 4236 Schneidewino,
689 4159 744 4218 out
767 4147 821 4225 οἶος
845 4172 919 4217 oum
941 4152 1137 4218 Hermanno.
1159 4153 1281 4220 Eodem
1304 4155 1344 4220 de

223 4286 321 4332 causo
341 4266 486 4350 improbo
506 4265 638 4352 Bergkii
661 4251 947 4332 correctiunoulam
972 4286 1000 4329 v.
1027 4268 1069 4331 29

412 4379 500 4443 πλόον
522 4378 605 4442 νοιυσὶ
629 4379 654 4444 δ’
682 4377 748 4444 οὔτε
769 4375 857 4459 πεζὸς
879 4377 940 4441 teo
964 4374 1086 4459 εὕροις

223 4493 281 4558 ubi
305 4493 403 4558 edidit
426 4492 471 4555 ev
494 4490 675 4573 <σάχ’>
697 4490 792 4577 εὕροις,
815 4493 901 4578 quod
924 4493 1043 4558 lectum
1064 4493 1206 4559 fuisses
1229 4494 1343 4559 scholi-
