3430 5554
754 682 871 743 15··

261 871 389 954 Merger
418 891 486 953 pag.
521 869 582 931 141
616 849 725 932 scribit
752 867 910 950 „Metope
933 867 983 930 die
1006 865 1140 929 Toohter
1164 867 1219 930 des
1242 867 1340 928 Arca·

217 983 348 1046 dischen
374 981 572 1064 Flussgottes
594 979 714 1059 Ladon,
738 980 837 1042 heisst
866 980 916 1042 die
939 978 1088 1062 Nympho
1111 979 1199 1042 eines
1223 977 1341 1059 gleich-

218 1097 384 1178 namigens
415 1093 563 1158 Wassers
593 1095 628 1156 in
657 1094 713 1156 der
734 1091 826 1156 Neue
850 1111 920 1154 von·
937 1091 1149 1175 Stymphalis3
1175 1092 1221 1154 sie
1244 1089 1341 1173 geber

223 1208 295 1272 dem
317 1207 501 1272 bootisohen
525 1208 651 1290 Asopos
676 1207 727 1270 die
738 1205 851 1270 Thebe.
863 1205 979 1269 Hinter
991 1202 1101 1268 ἔτικτεν
1114 1207 1156 1268 ist
1168 1205 1220 1268 oin
1232 1203 1340 1267 Punot

217 1341 265 1383 zu-
295 1321 436 1401 macheu,
469 1323 526 1391 ταῖς
543 1344 588 1402 ¹:-
608 1317 732 1391 ταύτας,
763 1339 804 1384 sc.
836 1317 996 1390 Μέτωπης,
1028 1317 1134 1394 πίομαι
1168 1318 1247 1398 „ich
1277 1317 1342 1380 will

217 1432 366 1496 trinken”
391 1432 528 1494 namlich
552 1452 609 1495 um
634 1432 719 1494 mich
745 1432 846 1494 durch
870 1431 921 1493 ihr
943 1429 1074 1494 Wasser
1097 1428 1276 1513 begeistorn
1299 1449 1342 1493 zu

218 1545 324 1610 lassen
344 1582 385 1591 -
399 1564 434 1608 so
446 1545 529 1608 auch
541 1543 700 1627 Hartung.
712 1542 777 1608 Der
790 1543 1144 1626 Znsammenhangnon
1156 1542 1194 1605 V.
1209 1542 1338 1605 82-87

219 1659 261 1721 ist
294 1657 473 1741 folgender:
505 1657 564 1720 Als
596 1658 648 1721 ein
677 1656 766 1736 ‚Sohn
791 1656 846 1720 der
868 1656 1062 1721 ritterlichen
1085 1654 1189 1720 Thebe
1211 1655 1343 1738 besinge

219 1771 272 1834 ich
302 1788 399 1854 gorne
430 1770 642 1853 kriegerische
672 1768 823 1849 Miinner3
857 1770 939 1832 dazu
969 1768 1058 1832 fiihle
1086 1769 1139 1832 ich
1161 1769 1246 1833 mich
1266 1769 1345 1851 jetzt

220 1883 296 1948 aber
323 1903 404 1967 ganz
430 1882 602 1946 besonders
625 1888 784 1966 angeregt,
808 1903 858 1945 wo
880 1902 914 1947 es
937 1881 1005 1965 gibt
1028 1883 1122 1946 einen
1146 1881 1341 1964 siegreichen

220 1997 366 2060 Arkader
399 2015 442 2059 zu
479 1995 720 2077 verherrlichen,
755 1995 840 2059 donn
875 1995 958 2059 auch
992 1995 1044 2058 ich
1074 1994 1130 2058 bin
1161 1996 1213 2058 ein
1236 1993 1346 2058 halber

222 2110 371 2191 Arcader,
395 2109 435 2172 da
457 2107 584 2192 Metope
606 2108 657 2172 die
680 2108 800 2172 Mutter
822 2109 878 2172 der
897 2107 1003 2172 Thebe
1026 2109 1060 2171 in
1080 2106 1284 2191 Stymphalos
1304 2127 1346 2170 zu

224 2223 324 2287 hause
358 2224 410 2304 ist,
440 2241 482 2284 zu
510 2221 561 2284 ihr
591 2221 657 2283 will
686 2222 738 2284 ich
761 2221 846 2284 mich
870 2221 984 2284 darum
1007 2220 1157 2304 begeben,
1180 2241 1237 2284 um
1262 2221 1346 2310 mich
1415 2273 1417 2278 .

228 2355 292 2399 von
314 2336 416 2398 ihrem
439 2333 570 2398 Wasser
593 2333 770 2418 begeistern
794 2354 835 2397 zu
858 2333 993 2398 lassen”

274 2446 362 2512 Haec
397 2446 534 2510 difficilis
567 2446 629 2509 loci
662 2449 888 2530 interpretatio,
922 2448 953 2508 in
988 2467 1052 2530 quo
1088 2446 1286 2529 expediendo
1316 2452 1347 2510 et

227 2559 425 2624 emendando
456 2559 579 2622 multus
610 2565 658 2623 est
684 2559 795 2643 Bergk
818 2561 851 2622 in
876 2560 923 2623 ed.
946 2559 1003 2641 IV,
1025 2558 1152 2624 Nabero
1176 2559 1347 2624 evertenda

224 2671 336 2754 fuerat,
372 2678 543 2754 antequam
577 2679 768 2755 proponeret
802 2674 1015 2736 coniecturam
1047 2692 1138 2736 suam
1161 2670 1281 2748 πίνομεν
1305 2709 1346 2718 -

225 2782 351 2846 πλέκειν.
388 2783 467 2847 Mihi
502 2785 541 2848 de
570 2785 630 2847 hoc
661 2785 729 2847 loco
761 2805 826 2848 non
850 2805 980 2868 prorsus
1005 2786 1134 2867 quidem
1158 2783 1269 2868 liquet,
1294 2784 1348 2848 sed

227 2918 286 2962 nec
319 2918 453 2982 possum
484 2918 543 2962 neo
574 2899 646 2962 volo
677 2899 814 2964 refutare
837 2899 1031 2983 Mezgerum,
1056 2920 1152 2983 quem
1176 2901 1215 2964 de
1238 2901 1348 2964 Aenea

226 3013 265 3094 (v.
291 3012 346 3091 88)
369 3011 444 3074 vide
465 3031 534 3095 pag.
561 3012 623 3074 122
638 3031 683 3095 sq.
850 3015 852 3022 ’

272 3232 311 3296 V.
338 3234 387 3297 78.
410 3232 607 3313 ἐδώρησαν
632 3234 698 3297 θεῶν
721 3231 842 3313 κάρυκα.

272 3345 411 3410 Metrum
443 3345 582 3410 Pindaro
613 3346 814 3430 permittebat
843 3351 880 3411 ut
909 3346 1061 3412 scriberet
1089 3346 1351 3427 ἐδωρήσαντο,

229 3459 368 3523 admissa
400 3461 540 3541 synizesi
570 3461 604 3524 in
627 3460 782 3524 vocabulo
808 3462 962 3544 sequenti,
986 3462 1258 3545 quemadmodum
1281 3481 1348 3525 cor-

229 3577 350 3636 rectum
375 3580 423 3636 est
445 3574 479 3635 in
503 3574 611 3638 codice
633 3575 673 3656 A,
696 3578 728 3638 et
748 3574 867 3638 frustra
891 3594 1008 3658 quaero
1031 3595 1090 3639 cur
1112 3576 1173 3639 hoo
1194 3575 1264 3639 loco
1284 3595 1350 3638 non

229 3687 395 3769 scripsisse
430 3687 609 3751 censendus
645 3690 694 3769 sit,
731 3688 817 3770 quod
850 3690 994 3752 omnium
1027 3709 1089 3752 usu
1120 3691 1233 3754 teritur
1256 3695 1287 3754 et
1310 3689 1350 3753 ab

189 3873 195 3882 ,
228 3800 331 3882 ipsius
362 3819 507 3864 sermone
536 3820 600 3863 non
625 3800 779 3865 abhorret.
803 3801 840 3865 ci
864 3800 900 3864 P.
924 3801 976 3866 IX
1000 3803 1050 3866 57.
1075 3801 1110 3866 Ο.
1135 3802 1201 3866 VII
1225 3805 1253 3866 3.
1281 3802 1353 3867 Scio

231 3912 315 3995 apud
338 3912 515 3977 Hesiodum
540 3914 633 3978 hodie
655 3914 753 3979 semel
771 3915 834 3998 legi
853 3914 987 3980 formam
1000 3916 1135 3982 activam
1148 3915 1227 4002 Opp.
1240 3917 1280 3979 81
1296 3936 1354 4000 sq,

231 4026 287 4089 sed
308 4025 399 4090 locus
422 4032 470 4090 est
492 4026 659 4091 manifesto
684 4028 825 4111 spurius.

274 4246 313 4310 V.
340 4249 391 4311 97.
414 4247 478 4311 Pro
502 4246 614 4328 dpco'rot
636 4269 695 4313 cur
717 4251 824 4334 potius
849 4249 968 4330 dpadrcr
990 4271 1065 4318 cum
1085 4251 1280 4335 Hermanno,
1301 4254 1352 4318 vel

230 4359 366 4424 fortasse
408 4362 502 4425 etiam
544 4361 660 4426 melius
696 4361 823 4442 operior
858 4364 959 4447 legam
996 4385 1093 4448 quam
1128 4364 1241 4444 θράσσοι
1275 4385 1349 4430 cum

231 4472 404 4556 Boeokhio,
428 4475 496 4538 dixi
515 4474 673 4540 Pindar
697 4477 738 4539 10
751 4496 807 4560 sq,
831 4476 867 4539 01.
891 4476 1001 4562 Eurip.
1024 4477 1119 4546 Herc.
1146 4478 1219 4542 776.
