3430 5554
892 722 934 784 20

346 904 508 989 probabile
531 907 578 968 est
600 902 776 967 Pindarum
801 904 840 967 de
864 902 933 966 aliis
958 907 1081 986 praeter
1099 923 1132 967 se
1152 903 1330 986 cogitasse?
1350 902 1466 966 Utrum

347 1019 386 1082 de
419 1017 566 1103 pluribus
597 1037 638 1080 an
669 1016 708 1080 de
739 1016 805 1080 solo
828 1015 968 1079 Pindaro
991 1017 1238 1100 intellegendum
1264 1022 1358 1100 putas
1382 1017 1465 1079 idem

345 1149 522 1214 pronomen
545 1132 579 1192 in
602 1129 745 1194 eiusdem
758 1131 909 1193 carminis
922 1131 1099 1212 prooemio:
1113 1125 1156 1191 Ἥ
1167 1129 1275 1192 traca
1294 1126 1418 1208 Χείρωνά
1435 1151 1469 1191 κε

348 1241 515 1322 Φιλυρίδιιν,
550 1241 574 1305 εἰ
608 1241 812 1322 χρεὼν-τοῦθ’
844 1239 1042 1320 ιὶριετὲριις
1074 1240 1134 1304 alab
1164 1240 1306 1317 γλώσσιις
1342 1241 1465 1304 κοινὸν

346 1350 484 1428 olfaciat
517 1350 595 1426 ἕσις,
627 1353 684 1418 ubi
713 1350 801 1417 κοινόν
833 1354 879 1416 515
908 1353 1038 1417 demum
1060 1353 1192 1437 pulchre
1215 1353 1336 1416 dictum
1360 1358 1416 1435 est,
1440 1353 1469 1417 si

345 1464 493 1546 ἁμετέραις
517 1467 636 1532 dictum
661 1468 816 1550 accipitur
837 1486 894 1550 pro
917 1466 1019 1543 1ρᾶςῖ
1042 1466 1130 1530 Inter
1151 1466 1238 1530 locos
1256 1465 1313 1530 ubi
1334 1464 1467 1542 ὑμέτερος

346 1581 503 1664 reperitur
530 1579 577 1661 (Ο.
601 1579 652 1644 IX
676 1583 728 1645 54.
751 1580 787 1643 Ρ.
811 1580 859 1643 IV
881 1582 954 1644 255.
978 1580 1060 1643 VIII
1085 1582 1134 1643 72.
1157 1580 1182 1644 I.
1206 1579 1256 1643 Ill
1280 1581 1320 1642 21
1345 1580 1405 1662 (VI
1428 1582 1466 1660 3).

345 1690 385 1754 Ν.
419 1691 452 1755 Χ
486 1694 550 1774 47),
583 1694 656 1756 11551
692 1694 806 1776 partim
843 1698 1065 1756 controversae
1096 1694 1161 1756 5151
1191 1693 1468 1775 interpretationis,

346 1803 473 1868 nullum
496 1806 618 1888 reperio
642 1804 699 1868 ubi
721 1825 787 1868 non
810 1807 887 1869 satis
911 1805 1076 1868 commode
1098 1823 1273 1887 pronomen
1296 1805 1336 1868 ad
1359 1805 1467 1888 plures

346 1915 455 1980 referri
478 1917 586 1999 possit.

389 2028 461 2094 Nisi
484 2031 610 2113 egregie
631 2029 732 2112 fallor,
750 2030 848 2094 huius
868 2030 994 2094 dicendi
1014 2048 1105 2110 usus,
1117 2030 1185 2094 5155
1204 2028 1343 2093 abusum
1355 2048 1467 2092 vocare

347 2144 458 2225 mavis,
488 2161 620 2226 prorsus
651 2143 761 2206 eadem
792 2162 889 2206 causa
911 2142 972 2206 luit
993 2144 1105 2226 poetis,
1127 2162 1209 2226 quae
1232 2161 1286 2206 555
1309 2144 1410 2206 movit
1432 2146 1468 2205 ut

346 2255 432 2319 hand
454 2276 526 2319 raro
550 2255 822 2320 substantivorum
846 2255 963 2338 plurali
986 2235 1042 2338 pro
1066 2256 1222 2339 singulari
1244 2275 1378 2320 numero
1399 2260 1467 2319 515-

345 2375 465 2433 rentur.
496 2368 618 2452 Nempe
649 2371 836 2452 gravitatem
870 2345 1031 2452 quandam
1056 2374 1086 2432 51
1111 2369 1304 2433 maiestatem
1329 2369 1383 2432 ille
1406 2389 1467 2432 nu·

346 2501 454 2546 merus
486 2480 665 2546 sublimiori
689 2502 786 2565 quam
810 2481 1011 2545 sectabantur
1034 2483 1168 2544 orationi
1189 2457 1357 2546 conciliare
1380 2483 1467 2546 vide-

345 2594 447 2676 batur,
467 2601 497 2659 51
515 2595 649 2659 fortasse
667 2595 826 2658 licentiam
846 2600 947 2659 metro
967 2613 1060 2677 saepe
1080 2595 1278 2658 commodam
1292 2613 1328 2658 eo
1341 2595 1467 2658 avidius

346 2709 546 2792 arripiebant,
580 2727 643 2792 quo
678 2709 779 2791 magis
809 2709 842 2771 id
874 2707 1017 2792 agebant,
1033 2714 1077 2789 nt
1107 2707 1276 2772 Musarum
1300 2727 1404 2772 sermo
1428 2707 1467 2771 ab

345 2820 460 2884 humili
488 2821 684 2904 pedestrium
707 2840 854 2885 sermone
878 2841 975 2904 quam
998 2820 1184 2904 longissime
1207 2821 1344 2886 distaret
1369 2818 1466 2897 Ἀριός

346 2939 453 2999 autem
477 2938 508 2998 51
529 2932 669 3012 ιὶμὲσερις
692 2953 749 3017 pro
770 2932 840 3010 ἐμός
862 2933 1021 2997 interdum
1046 2939 1201 3017 usurpata
1220 2952 1290 2998 5555
1310 2953 1347 2998 55
1358 2934 1467 2996 minus

345 3050 508 3130 miramur,
533 3047 618 3129 quod
643 3049 736 3111 etiam
757 3049 792 3110 15
811 3048 922 3130 liugua
942 3048 1106 3111 communi
1126 3045 1220 3123 ἡμεῖς,
1233 3051 1270 3111 51
1288 3066 1361 3110 555
1382 3046 1466 3129 apud

345 3160 474 3225 Latinos
498 3179 742 3243 nonnumquam
766 3160 870 3224 solum
889 3158 1072 3242 loquentem
1086 3163 1221 3242 spectat,
1233 3163 1264 3223 et
1282 3160 1317 3221 in
1330 3164 1467 3242 utroque

345 3293 491 3340 sermone
526 3275 628 3357 prima
659 3293 794 3357 persona
824 3272 957 3356 pluralis
989 3273 1116 3336 numeri
1145 3293 1202 3355 pro
1234 3273 1388 3356 singulari
1419 3273 1468 3335 511
1546 3301 1549 3306 ·

344 3387 443 3451 licuit.
479 3385 581 3462 Quam
616 3406 692 3450 vero
724 3386 818 3470 longe
851 3392 956 3469 pateat
990 3386 1076 3468 apud
1110 3387 1301 3449 recentiores
1331 3386 1466 3469 populos

345 3503 439 3567 etiam
463 3503 498 3565 in
521 3502 661 3566 secunda
683 3506 901 3585 personatam
927 3500 1097 3565 verborum
1121 3520 1216 3584 quam
1241 3501 1466 3583 pronominum

344 3616 429 3680 idem
465 3614 590 3678 dicendi
624 3612 847 3696 scribendique
882 3632 970 3695 5555,
1008 3632 1102 3676 nemo
1137 3613 1300 3676 docendus
1331 3618 1387 3676 551.
1419 3611 1467 3676 De

345 3727 463 3811 plurali
496 3728 670 3790 maiestatis
701 3727 788 3810 apud
816 3725 957 3807 Latinos
980 3727 1143 3808 sequiores
1164 3727 1359 3809 praesertim,
1382 3725 1467 3788 lectu

345 3841 441 3924 digna
475 3846 551 3904 sunt
587 3859 668 3923 quae
703 3841 828 3923 scripsit
863 3839 993 3903 Erramus
1029 3837 1215 3921 Ouramma,
1247 3837 1387 3903 Revue
1422 3838 1468 3903 de

344 3953 593 4036 Philologie
619 3954 715 4034 1880,
740 3955 759 4015 2
782 3954 886 4035 lior,
907 3972 937 4036 p.
964 3953 1027 4016 129
1051 3954 1157 4016 5515.

389 4175 513 4260 Olymp.
537 4175 588 4239 IX
611 4177 662 4239 89.

533 4281 585 4351 οἷον
610 4287 635 4351 δ’
660 4287 689 4350 ἐν
712 4287 869 4367 Μιιριιθῶνι
891 4283 1083 4358 σνλιιθεὶς
1105 4285 1240 4363 ἀγενείων

532 4397 617 4475 μένεν
639 4398 743 4475 ἀγῶνα
766 4396 964 4478 πρεσβυτέρων
986 4398 1072 4478 ἀμφ’
1095 4397 1307 4478 ἀργυρίδεσσιν.

387 4512 556 4596 ingeniosa
586 4512 717 4596 Berglrii
747 4517 795 4575 est
818 4513 999 4576 coniectura
1022 4504 1119 4574 οἶνον
1142 4532 1199 4596 pro
1223 4505 1311 4584 οἷον,
1336 4515 1455 4596 optimo
