3430 5554
762 704 805 766 45

223 889 262 952 In
292 890 439 952 versione
469 907 539 953 moa
563 889 677 952 admisi
699 887 862 972 Hartungi
884 889 1111 952 correctionem
1136 885 1268 965 μέγας
1290 909 1350 972 pro

223 1023 257 1063 τε
289 998 356 1080 γάρ.
394 1037 436 1046 --
471 997 605 1080 ἀφαντον
638 998 750 1078 βρέμει.
782 999 903 1064 Eorum
935 1018 1017 1084 quac
1045 1000 1161 1063 humili
1189 1000 1258 1064 loco
1283 1002 1349 1064 noti

223 1113 354 1196 faciunt,
376 1132 486 1176 rumor
516 1133 581 1176 non
604 1114 692 1178 venit
715 1113 755 1176 ad
777 1113 944 1178 hominum
967 1131 1071 1177 aures.
1095 1111 1210 1176 Pind.
1236 1113 1277 1176 23
1302 1133 1348 1198 sq.

267 1347 307 1410 V.
331 1348 382 1410 34.
406 1345 510 1426 Τρόνιν
533 1343 648 1409 ἔλυσε
671 1343 777 1422 δόμους
799 1342 975 1425 ἁβρότατος.

268 1458 375 1524 Oratio
395 1478 462 1523 non
485 1459 611 1524 Graeca.
637 1457 776 1523 Omnino
799 1460 971 1544 legendum
993 1456 1150 1524 έταυσε.
1175 1458 1228 1522 Ex
1248 1462 1348 1524 veteri

222 1574 358 1639 lectione
388 1581 556 1636 ΕΠΑΤΣΕ
579 1574 698 1637 factum
724 1577 791 1638 orat
812 1579 982 1636 ΕΠΛΤΣΕ
1006 1578 1039 1636 et
1061 1573 1143 1637 male
1167 1579 1346 1639 correctum

223 1693 370 1750 ΕΛΤΣΕ.
391 1685 464 1750 Non
490 1687 589 1752 semol
612 1686 745 1751 confusa
768 1687 835 1750 vidi
857 1683 934 1749 λύειν
958 1689 989 1750 ot
1011 1681 1122 1749 ταόειν.

267 1909 306 1973 V.
330 1911 381 1974 49.
414 1908 527 1986 γυμνόν
558 1946 599 1955 -
631 1905 737 1976 ςάδιον.
764 1907 944 1993 Opponitnr
966 1906 1069 1989 δρόμος
1092 1907 1222 1984 ότλέτνις.
1255 1903 1299 1975 Cf.
1322 1910 1348 1975 I.

221 2022 239 2086 I
262 2023 303 2087 22
328 2021 443 2087 Moneo
465 2027 593 2107 propter
615 2021 808 2109 Moagerum,
832 2023 889 2107 qui
912 2043 982 2108 pag.
1006 2023 1069 2088 267
1091 2022 1208 2088 δέανλνν
1228 2026 1346 2110 opponi

223 2137 355 2220 putavit.

266 2357 357 2422 Nem.
391 2357 409 2420 I
440 2358 483 2420 46
519 2357 558 2422 de
592 2357 753 2442 anguibus
776 2357 983 2441 strangulatis
1006 2354 1045 2420 ab
1068 2356 1207 2424 Hercule
1230 2359 1346 2423 infanti

224 2471 359 2535 dicitur:

411 2580 594 2661 ἀγχομένοις
618 2582 650 2647 δὲ
673 2581 812 2663 χρόνος

411 2694 520 2776 ψυχόις
543 2693 726 2760 ἀπέπνευσεν
748 2694 861 2774 μελέων
883 2693 1021 2776 ἀφάτων.

267 2810 386 2875 Collato
408 2808 568 2891 Hesychis
589 2831 614 2876 s.
627 2831 666 2894 v.‚
691 2812 748 2895 qui
769 2812 998 2895 interpretatur
1020 2808 1111 2888 ςόμα,
1136 2815 1278 2877 correxi:

410 2921 591 3002 ἀγχομένοις
615 2921 647 2986 δὲ
669 2919 795 3001 χάννρ

408 3034 517 3115 ψνχάς
543 3034 715 3122 (ψνχάνῗ)
742 3033 926 3100 ἀπέπνευσεν
948 3037 1009 3100 κτέ.

266 3149 380 3214 Pind.
412 3151 455 3212 24
490 3169 536 3233 sq.
571 3149 724 3214 Similiter
745 3149 893 3228 χάνμα
915 3149 1084 3214 beluarum
1106 3150 1206 3216 rictus
1231 3152 1344 3216 audire

224 3262 311 3327 solet

267 3482 306 3548 V.
332 3485 382 3547 35.

222 3595 286 3661 luel
309 3594 497 3675 ττλάγχνυν
520 3592 575 3659 ὕπο
594 3594 718 3676 ματέρος
739 3594 848 3661 αὐτίκα
870 3596 997 3672 όαντόιΝ
1017 3599 1047 3672 ές
1066 3596 1178 3678 αἴγλαν
1189 3607 1263 3674 ταῖς
1278 3599 1346 3676 Διός

224 3709 312 3774 ὠδῖνα
334 3708 453 3789 Φεόγων
476 3707 587 3790 διδόμιρ
610 3709 662 3773 σὺν
686 3709 854 3791 κασιγνήτῳ
879 3708 979 3789 μόλεν.

269 3823 348 3900 Quis
372 3844 490 3908 quaeso
512 3844 578 3888 non
602 3825 703 3889 multo
726 3826 833 3909 potius
857 3831 1003 3910 expectet
1018 3825 1144 3907 ματέρος
1157 3866 1199 3876 -
1212 3829 1346 3903 tanaoiz,

223 3937 501 4003 admirabili
528 3937 675 4002 forma
707 3939 893 4021 matriS,
917 3959 1012 4022 quam
1038 3939 1148 4014 όαντάν
1172 3942 1202 4014 ές
1224 3939 1346 4020 αἴγλαν,

224 4071 299 4116 cum
322 4053 409 4116 nude
431 4053 494 4116 dici
514 4051 613 4116 soleat
631 4050 661 4124 ἐς
680 4054 745 4132 φῶς
765 4051 881 4118 laisla?
894 4051 1113 4137 Saepeautem
1125 4053 1350 4128 laardqnoster

223 4167 392 4250 usurpavit
426 4167 464 4231 de
500 4165 699 4250 pulchra
732 4167 950 4250 corporis
984 4166 1133 4233 forma
1162 4169 1211 4248 (of.
1243 4169 1279 4234 P.
1301 4169 1349 4234 IV

223 4279 274 4343 80.
309 4279 360 4343 IX
385 4281 456 4345 108.
485 4279 518 4342 X
545 4281 595 4343 58.
626 4279 666 4344 N.
689 4279 740 4343 XI
765 4281 827 4363 12),
858 4284 890 4343 et
911 4281 950 4344 dc
971 4281 1062 4345 nulla
1083 4282 1217 4348 muliere
1241 4285 1347 4369 aptius

221 4392 364 4458 adhiberi
387 4395 491 4478 potuit
516 4413 612 4476 quam
636 4393 675 4458 de
697 4393 868 4474 Alcmena,
887 4413 984 4476 quam
1007 4413 1115 4459 amore
1139 4415 1197 4460 suo
1218 4396 1347 4480 dignam

221 4506 333 4572 habuit
356 4509 425 4592 ipso
451 4508 583 4571 deorum
607 4507 841 4592 hominumque
863 4525 929 4570 rex.
1126 4503 1133 4512 '
