3430 5554
869 679 969 764 ,ra

496 860 548 926 καί
570 862 626 934 τάς
649 861 818 934 εὐκτεάνους
841 862 924 940 κατά
947 868 1047 941 κλῆρον
1069 860 1186 926 Ἰαίννον
1209 861 1403 943 πολυάνδρους

503 974 654 1039 Ἑλλάνων
677 974 813 1057 ἐκράτυνε
837 975 1047 1057 σφετέραις
1069 974 1170 1056 φρεσίν

387 1128 484 1208 (quod
517 1129 603 1190 enim
634 1128 719 1210 apud
742 1126 905 1190 Naberum
929 1126 1049 1209 legitur
1071 1124 1171 1205 χερσίν
1195 1146 1252 1209 pro
1274 1124 1384 1204 φρεσίν,
1407 1128 1510 1210 ipsius

385 1258 473 1303 error
507 1243 575 1320 est),
605 1239 662 1303 nbi
693 1241 820 1303 numeri
845 1236 1000 1318 σφετέρους
1024 1239 1231 1322 depravatum
1254 1257 1323 1303 esse
1345 1240 1508 1303 evinount.

384 1349 536 1415 Nondum
562 1371 612 1415 me
631 1353 773 1435 poenitet
791 1353 999 1434 coniecturae,
1020 1372 1115 1435 quam
1138 1351 1212 1414 olim
1226 1351 1352 1434 protuli,
1365 1351 1509 1432 Aesohy·

383 1464 451 1528 lum
476 1465 600 1529 dedisse
623 1468 769 1544 σοφαῖς
793 1463 901 1544 φρεσίν.
1480 1443 1483 1452 ¹

426 1577 515 1641 Idem
552 1578 665 1642 deinde
699 1579 902 1661 reprehendit
936 1577 1136 1642 scholiastae]
1168 1578 1209 1640 ad
1238 1577 1273 1640 P.
1301 1577 1379 1641 VIII
1403 1579 1445 1640 66
1458 1599 1504 1662 sq.

385 1697 609 1755 annotantem:
642 1691 674 1754 τὸ
706 1691 736 1754 δὲ
769 1691 886 1768 ὑμαῖς
917 1687 984 1753 άντί
1014 1695 1065 1753 τοῦ
1097 1696 1188 1761 ταῖς
1211 1695 1322 1772 σαῖς,
1345 1689 1396 1753 καί
1419 1705 1507 1754 πλεο-

383 1800 461 1882 νάζεο
491 1801 583 1883 τούτῳ
614 1801 627 1866 ί
660 1801 808 1884 Πίνδαρος.
833 1803 991 1886 Equidem
1019 1801 1227 1866 Scholiastam
1252 1822 1312 1866 sua
1333 1803 1449 1886 vineta,
1473 1808 1510 1866 ut

383 1918 427 1979 alt
461 1916 576 1996 Nabar,
611 1917 796 1980 eaedentem
832 1916 910 1979 nihil
946 1935 1053 1979 moror
1087 1916 1184 1996 (addit
1215 1916 1300 1978 enim
1329 1917 1455 1992 τνμοῖταν
1479 1914 1510 1979 δὲ

382 2027 496 2108 σφοὺρα
519 2029 547 2091 ἐν
571 2027 676 2108 Αίγίνρ
702 2026 860 2092 Ἀπίλλοον
882 2029 934 2090 καί
962 2023 1139 2112 Ἄρτεμις),
1163 2028 1218 2091 sod
1242 2030 1349 2092 tamen
1369 2027 1408 2092 de
1421 2029 1509 2091 omni

383 2160 468 2222 sana,
497 2142 517 2203 i.
535 2138 560 2204 e.
584 2141 718 2224 simplici
743 2160 803 2205 neo
825 2139 1003 2222 artificiosa,
1027 2142 1285 2224 interpretatione
1308 2146 1415 2204 actum
1438 2159 1507 2205 esse

381 2254 548 2336 contendo,
570 2255 634 2317 nisi
657 2253 749 2330 ὑμαῖς
772 2273 829 2338 pro
853 2260 919 2325 σαῖς
941 2254 1061 2316 dietum
1073 2254 1114 2316 sit
1126 2255 1159 2316 in
1173 2253 1252 2336 loeo,
1265 2253 1368 2336 qualis
1380 2254 1431 2316 hio
1443 2258 1506 2318 est:

493 2407 542 2466 νῦν
563 2403 600 2476 δ’,
625 2401 868 2480 ἑκαταβάλε,
893 2400 1029 2466 πάνδοκον

494 2515 559 2579 ναὺν
583 2513 689 2578 εὑκλία
709 2513 853 2592 διανέμων

493 2628 623 2700 Πυθῶνος
647 2628 676 2691 ἐν
698 2626 830 2705 γυάλοις,

488 2740 521 2804 τὸ
544 2740 599 2817 μὲν
623 2739 744 2817 μίγοςον
770 2739 827 2803 τίάν
851 2737 1018 2820 χαρμάτων

491 2851 625 2925 ὤπασας,
651 2851 717 2917 οίκον
739 2853 770 2917 δὲ
793 2853 911 2934 πρόσθεν
935 2851 1088 2933 άρπαλίαν
1111 2851 1187 2916 δόσιν

489 2965 674 3031 πενταεάλίου
697 2966 750 3029 σὺν
773 2967 884 3046 ἑορταῖς
909 2965 1034 3044 ὑμαῖς
1057 2963 1223 3044 ἐπάγαγες,

489 3074 606 3154 ὦναξ,
631 3079 693 3145 κτὲ.

378 3231 563 3314 praesertim
596 3229 651 3293 ubi
684 3234 816 3312 constat,
840 3230 926 3311 quod
950 3249 1016 3292 uon
1040 3233 1135 3312 negat
1159 3230 1227 3312 ipse
1249 3227 1365 3311 Nabar,
1387 3228 1504 3293 Pinda-

378 3368 450 3411 rum
475 3349 647 3432 quinquies
669 3345 806 3427 σφέτερος
832 3366 1004 3430 usurpasse
1027 3366 1083 3431 pro
1108 3346 1172 3418 Ἑός.
1195 3345 1257 3411 Sed
1277 3347 1503 3410 multominus

378 3462 480 3524 sentio
502 3463 567 3523 vim
592 3462 781 3544 argumenti,
806 3480 869 3542 quo
893 3462 1015 3523 amious
1039 3461 1141 3524 utitur
1161 3461 1200 3523 ad
1219 3461 1502 3525 demonstrandum

376 3573 563 3656 Pindarum,
585 3579 751 3638 canentem
775 3572 811 3637 P.
834 3572 900 3636 VII
925 3575 964 3635 17
991 3579 1068 3636 νῖκαι
1091 3611 1133 3622 —
1153 3567 1174 3635 ὦ
1196 3572 1384 3650 Μεγάκλεες,
1406 3571 1503 3650 ὑμαί

375 3709 409 3750 τε
432 3685 483 3750 καί
506 3686 660 3767 προγόνων,
684 3707 746 3750 non
773 3706 944 3770 usurpasse
967 3685 1047 3763 ὑμαί
1066 3708 1123 3771 pro
1147 3686 1206 3760 σαί,
1232 3707 1314 3771 quae
1337 3707 1401 3750 non
1422 3686 1502 3750 Din-

376 3799 468 3863 dorlii
499 3805 624 3864 tantum
648 3805 678 3864 et
706 3799 800 3883 Leop.
826 3799 1002 3881 Sohmidtii,
1027 3801 1082 3864 sed
1106 3802 1259 3882 omnium,
1283 3800 1369 3884 quod
1393 3802 1502 3881 seiam,

373 3915 585 3997 interpretum
615 3913 710 3977 hodie
742 3913 899 3977 sententia
921 3918 977 3978 est.
1000 3912 1123 3997 Nempe
1145 3917 1286 3996 poeta,
1304 3912 1401 3976 verba
1424 3917 1500 3976 sunt

374 4026 501 4108 Naberi,
536 4026 664 4090 simul
698 4045 786 4089 eum
819 4025 1009 4109 Megaele
1043 4027 1169 4089 etiam
1199 4027 1379 4090 maiores
1410 4026 1500 4090 eius

374 4140 627 4224 alloquitur.
672 4137 756 4214 Quid
791 4158 911 4222 quaeso
948 4139 988 4201 ad
1023 4139 1114 4202 rem?
1153 4137 1188 4202 Si
1221 4145 1314 4223 poeta
1347 4139 1497 4202 dixisset:

374 4259 447 4315 νῖκαι
482 4290 533 4336 —‚
564 4246 585 4313 ὦ
617 4250 803 4329 Μεγάκλεες,
834 4249 883 4314 σαί
913 4274 947 4314 τε
978 4249 1029 4314 καί
1055 4235 1167 4328 ὑμαί,
1195 4245 1362 4331 ὦπράγονον
1388 4259 1498 4330 Μεγα-

372 4363 482 4437 κλέους,
507 4385 540 4429 re
569 4382 646 4429 vera
667 4366 856 4448 pronomine
878 4363 961 4440 ὑμός,
986 4370 1022 4427 ut
1045 4364 1142 4448 vulgo
1167 4362 1312 4444 ὑμέτερος,
1339 4365 1377 4430 de
1400 4365 1498 4449 pluri-

373 4479 436 4543 bus
466 4498 547 4542 usus
576 4483 669 4560 esset,
699 4497 786 4541 nuno
819 4496 895 4542 vero
926 4477 1013 4541 haud
1046 4477 1142 4542 dubie
1167 4479 1335 4562 usurpavit
1358 4497 1415 4562 pro
1439 4475 1499 4552 σάς,
