3430 5554
911 660 952 720 28

448 841 485 906 ‘0
510 845 635 913 πλοῦτος
658 841 833 920 εὐρυσθενής,

447 951 517 1018 ύτοιν
538 977 582 1024 τις
605 955 696 1035 σὶρετρῖ
719 951 893 1034 κεκραμένον
916 955 1030 1035 κονύνιρρῖ

447 1065 595 1145 βροτήσιος
616 1063 686 1145 οένῆρ
710 1064 825 1142 πύτροου
848 1064 1025 1145 ποιροιδύνσος
1049 1065 1137 1129 οιύτὸν
1160 1064 1258 1146 auae„

447 1175 609 1257 πολύφιλον
632 1175 750 1241 ἑπέτοιν.

424 1289 564 1354 Similem
598 1290 738 1373 quidem,
770 1291 826 1354 sed
855 1289 964 1374 paullo
987 1294 1094 1354 tamen
1118 1290 1285 1373 diversam,
1309 1293 1500 1356 sententiam

379 1411 472 1487 poeta
501 1422 552 1466 me
575 1403 680 1466 iudice
704 1403 734 1466 h.
758 1402 777 1466 l.
800 1403 944 1487 protulit,
967 1403 1108 1467 scribens
1134 1423 1198 1466 una
1218 1404 1326 1467 addita
1344 1404 1500 1468 litterula:

445 1517 478 1580 τὸ
500 1523 635 1580 πλουτεῖν
658 1515 689 1580 δὲ
712 1515 779 1579 σὺν
801 1514 911 1599 τύχοι
933 1513 1049 1594 πύτρυον
1071 1515 1180 1596 σοΦίοιο
1202 1516 1282 1592 <τ’
1295 1517 1336 1594 >
1358 1514 1462 1597 ἄριςον.

378 1629 553 1693 divitem
574 1649 735 1696 esseonn
751 1628 951 1694 fortunae
969 1634 1009 1694 et
1027 1630 1266 1712 sapientiae
1285 1631 1503 1713 optimum,

321 1781 322 1784 =
379 1762 444 1826 qua
466 1742 639 1807 declararet
665 1743 822 1826 (sequitur
844 1743 930 1806 enim
952 1740 995 1804 σὺ
1019 1740 1051 1805 δὲ
1073 1737 1164 1821 σκύφοι
1186 1763 1242 1804 νιν
1264 1737 1364 1827 ἔχεις)
1389 1741 1503 1808 Hiero·

378 1874 452 1918 nem
487 1875 552 1918 non
584 1855 732 1920 fortunae
767 1860 891 1918 tantum
924 1853 1087 1938 beneficic,
1117 1855 1172 1918 sed
1204 1856 1299 1918 etiam
1329 1857 1502 1939 sapientiae

378 1987 455 2032 suae
476 1973 507 2032 et
530 1969 641 2032 virtuti
665 1972 768 2032 tantas
792 1987 867 2052 opes
892 1967 1019 2031 deberes

379 2128 380 2131 ι
421 2079 527 2145 Locus
558 2081 681 2145 dudum
712 2087 873 2145 correctus
902 2080 991 2162 foret,
1016 2081 1045 2144 si
1067 2081 1168 2144 critici
1190 2081 1423 2147 intellexissent
1446 2088 1502 2146 aut

378 2195 607 2277 meminissent,
629 2196 713 2279 apud
732 2194 908 2259 Pindarum
928 2194 1099 2258 formulam
1119 2192 1169 2255 σὺν
1181 2191 1266 2275 τύχρ
1280 2194 1394 2275 (uanius
1406 2191 1501 2276 τύχρ)

379 2306 558 2390 significare
589 2325 670 2390 ope.
700 2307 751 2371 Sic
781 2307 821 2370 N.
843 2307 892 2369 Vl
917 2308 959 2370 28
982 2305 1034 2368 σὺν
1057 2307 1118 2369 θεοῦ
1142 2303 1225 2388 τύχοι
1252 2312 1308 2370 est'
1323 2326 1396 2390 ope
1419 2307 1502 2390 dei,

288 2487 290 2489 ,
378 2418 417 2482 N.
451 2419 499 2483 IV
535 2421 553 2482 7
589 2418 641 2482 σὺν
677 2419 806 2500 Χοιρίτιον
835 2419 1191 2502 τύχρθιιυείυτιιιυ
1224 2439 1313 2504 ope,
1341 2419 1381 2484 N.
1404 2421 1435 2484 V
1458 2422 1500 2484 48

379 2527 547 2612 Μενύνδρον
568 2530 621 2594 σὺν
644 2530 738 2614 τύχιρ,
764 2551 837 2616 ope
860 2531 1090 2597 Menandri.

422 2765 517 2846 Pyth.
540 2763 591 2828 ΙΠ
614 2765 666 2837 21.

445 2875 489 2945 ἔτι
511 2875 543 2940 δὲ
565 2880 662 2958 Φῦλον
684 2877 713 2940 ἕν
736 2875 904 2957 ἀνθρώποισι
927 2876 1139 2954 μοιτοιιύτοιτον,

443 2987 503 3060 ύςις
525 2987 729 3068 σιῖσχύνιυν
752 2989 895 3070 ἐπιχώριοι
917 2989 1078 3054 ποιπτοιίνει
1100 2987 1141 3053 τοὶ
1163 2987 1267 3071 πόρσω.

421 3103 607 3187 Legendum
641 3102 818 3181 ιιῖσχυνύείς,
848 3104 900 3167 vel
930 3103 1032 3167 multe
1061 3105 1169 3187 potius
1195 3100 1422 3182 οὶσχοέλλιυν.
1447 3103 1501 3166 Ad

379 3217 597 3280 accusativum
620 3215 660 3280 cf.
684 3215 793 3299 Eurip.
819 3214 872 3281 Or.
899 3216 972 3279 781.
995 3215 1108 3279 Pind.
1133 3216 1183 3279 15.

422 3434 462 3500 V.
485 3437 537 3500 27.
569 3471 572 3478 ·

445 3549 474 3612 ἕν
496 3548 523 3612 δ’
547 3547 604 3628 ύροι
626 3547 778 3628 μηλοδόκῳ
802 3549 912 3612 Πυθῶνι
933 3546 1053 3622 τύσσνιις
1076 3546 1137 3612 ύιεν
1157 3551 1250 3612 νοιοῦ
1263 3548 1415 3626 βασιλεὺς

442 3657 556 3736 Λοξίσις
579 3661 639 3726 κτὲ.

422 3774 633 3839 Probabiliter
662 3774 768 3838 Naber
800 3772 940 3864 Δούλου
965 3776 1101 3839 coniecit
1122 3795 1191 3858 pag.
1217 3776 1267 3838 36.
1290 3774 1381 3838 idem
1403 3795 1432 3838 τ.
1456 3777 1498 3838 41

379 3887 516 3950 mavult:
538 3885 632 3950 ούκέτι
650 3884 802 3962 τλύσοροοιι
821 3890 913 3967 ψυχρῖ
931 3885 1013 3963 γένος
1024 3886 1102 3963 aaa
1123 3885 1281 3949 ύλὲσύοιι
1300 3906 1357 3970 pro
1370 3885 1497 3949 σ’λέσσοιι.

378 3981 449 4064 Ρτυ
475 4021 539 4084 qua
572 4002 720 4084 opinione
755 4000 864 4063 afferre
896 4000 1028 4064 fortasse
1057 4005 1202 4082 potuerat
1225 4004 1317 4063 vetus
1342 3999 1499 4063 scholium

377 4111 471 4176 ούκέσι
495 4113 627 4189 ὑπομενῶ
650 4112 683 4176 τὸ
706 4112 776 4189 ε’ροὸν
795 4110 915 4192 σπέρμοι
939 4112 1009 4175 ἰδεῖν
1028 4109 1285 4188 συναπολλύμενον
1303 4119 1341 4190 τῇ
1354 4111 1497 4192 Κορωνίδι.

378 4225 548 4309 Vulgatam
573 4226 741 4289 lectionem
760 4246 825 4289 non
846 4225 1020 4307 defendam,
1042 4245 1105 4308 qua
1123 4227 1245 4288 ratione
1265 4224 1499 4307 quodammode

379 4339 505 4403 defendi
534 4358 628 4422 posse
656 4340 725 4422 ipse
755 4340 805 4401 vir
836 4334 948 4402 doctus
977 4338 1154 4419 confitetur,
1178 4338 1234 4402 sed
1265 4339 1372 4420 petius
1396 4339 1441 4400 sic
1464 4343 1500 4401 ut

381 4452 484 4516 dicam
519 4451 701 4534 Apollinem
735 4471 770 4515 re
804 4471 879 4515 vera
912 4451 1066 4516 mittenda
1097 4470 1204 4515 sorore
1233 4448 1298 4514 filio
1321 4451 1356 4514 in
1378 4452 1499 4535 gremio
