3430 5554
233 813 235 820 “
281 809 408 893 Olymp.
431 808 517 872 XIII
544 810 594 873 10.

416 919 531 999 Ὕβριν,
557 919 642 1001 Κόρου
666 920 783 1001 ματέρα
807 920 1063 1002 apostocam.

283 1036 363 1100 Pars
384 1035 539 1100 librorum
565 1033 828 1116 θρασύμυθον,
853 1037 905 1099 oui
929 1037 1056 1099 lectioni
1079 1038 1187 1101 nescio
1213 1039 1363 1102 anetiam

239 1150 342 1231 magis
370 1149 474 1213 faveat
503 1149 565 1212 loci
598 1153 776 1213 contextus.
807 1148 918 1212 Isthm.
949 1148 1000 1211 HI
1032 1150 1071 1211 26
1105 1149 1223 1233 legitur
1248 1163 1361 1212 κελα-

238 1259 354 1325 δεννοὶ
378 1257 467 1340 ὕβρις.

278 1484 318 1548 V.
343 1485 416 1548 109.
440 1483 588 1570 Fortasse
610 1483 773 1548 Pindarus
797 1485 849 1547 hio
872 1488 904 1550 et
926 1483 1002 1547 aiibi
1028 1484 1208 1549 censendus
1232 1489 1280 1550 est
1302 1505 1359 1568 pro

236 1595 346 1660 Σικυών
365 1617 540 1681 usurpasse
562 1597 696 1660 formam
721 1597 861 1660 nominis
881 1598 1137 1679 antiquissimam
1149 1595 1360 1661 Doriensibus

235 1711 385 1774 rasitatam
420 1709 547 1782 Σεκυών,
579 1721 616 1773 ut
638 1710 721 1773 idem
743 1709 855 1793 procul
879 1709 976 1773 dubio
1001 1708 1037 1772 0.
1061 1708 1143 1772 XIV
1167 1711 1187 1772 4
1211 1729 1268 1793 pro
1292 1709 1360 1789 Ὀρ-

234 1825 363 1900 χομενοῦ
398 1824 524 1906 scripsit
559 1821 750 1900 Ἐρχομενοῦ,
789 1823 875 1904 quod
908 1842 994 1886 unus
1017 1822 1119 1886 codex
1143 1823 1289 1886 servavit.
1315 1822 1358 1885 uf.

233 1935 398 1999 Pindar.
423 1937 473 1998 14.
496 1935 640 2000 Eandem
665 1937 804 2000 nominis
827 1936 963 1999 formam
987 1935 1107 2019 ubique
1129 1941 1240 2020 poetae
1251 1936 1357 2001 redde.

279 2156 372 2238 Pyth.
395 2157 412 2220 I
437 2157 487 2220 16.
511 2157 626 2238 Τυφὼς
650 2154 1029 2237 ἑκατοντακάρανος·
1051 2156 1116 2219 τόν
1139 2179 1235 2220 τοτε

518 2268 642 2332 Κιλίκιον
666 2267 766 2348 θρέψεν
790 2267 977 2345 πολυώνυμον
1001 2265 1109 2349 ἄντρον.

275 2381 438 2447 Naberum
469 2382 705 2466 imprudentem
727 2383 820 2445 video
843 2383 993 2445 incidisse
1016 2383 1051 2444 in
1075 2383 1236 2465 laqueum,
1261 2402 1356 2467 quem

231 2495 310 2557 mihi
334 2513 397 2578 quo
420 2498 561 2577 tempore
583 2493 810 2557 Pindarico
835 2492 1009 2557 scribebam
1034 2495 1086 2557 hic
1104 2494 1195 2559 locus
1214 2497 1356 2578 tetendit,

231 2609 352 2691 quique
382 2626 482 2691 paene
505 2626 556 2682 me
580 2626 709 2691 quoque
732 2611 864 2690 ceperat.
888 2605 970 2670 Nam
995 2611 1027 2670 et
1048 2608 1117 2690 ipse
1141 2609 1353 2672 conieceram:

408 2721 521 2801 Τυφὼς
545 2718 898 2800 ἑκατογκεφάλοις·
922 2716 1062 2799 τόντερ
1086 2719 1179 2784 τοτέ
1202 2720 1263 2784 κτὲ.

230 2835 294 2916 sed,
318 2840 487 2918 antequam
511 2852 581 2898 sero
606 2839 681 2916 erat,
702 2835 817 2920 scripta
830 2833 940 2898 delevi.
954 2831 1126 2916 Coeperam
1138 2835 1223 2899 enim
1236 2835 1353 2920 mirari,

230 2948 286 3030 qui
309 2946 378 3010 fieri
400 2947 539 3030 potnerit
560 2951 597 3010 ut
618 2946 768 3010 librarius
790 2966 847 3030 pro
870 2946 1049 3029 vulgatiora
1073 2946 1227 3010 vocabulo
1251 2949 1352 3032 magis

228 3061 388 3142 poeticum
411 3059 635 3138 substitueret3
659 3078 737 3122 mox
758 3078 834 3122 vero
858 3059 953 3122 didici
977 3058 1129 3122 mirificae
1141 3060 1263 3124 formae
1275 3063 1352 3126 satis

228 3176 377 3258 praesidii
398 3194 468 3239 esse
490 3177 524 3237 in
547 3194 625 3238 voce
648 3176 794 3239 similiter
815 3175 948 3238 formata
971 3175 1219 3250 {aarovrafrra'a

271 3287 374 3352 Nemo
398 3289 483 3352 enim
508 3307 623 3352 sanum
646 3307 716 3352 esse
738 3287 867 3371 negabit
885 3288 991 3352 locum
1016 3287 1050 3351 P.
1072 3288 1121 3351 IV
1144 3290 1207 3354 282

404 3399 433 3462 ἕν
457 3398 489 3462 δὲ
511 3399 638 3476 βουλαῖς
660 3397 790 3479 πρέσβυς
814 3398 1099 3463 ἑκατονταετεῖ
1118 3399 1215 3482 βιοτρῖ,

225 3515 283 3579 ubi
316 3513 511 3578 ἓκατονἙετέῖ
535 3517 651 3598 corrigi
685 3517 805 3599 nequit,
836 3536 909 3580 cum
943 3517 1019 3599 quia
1043 3518 1090 3598 (ut
1112 3517 1236 3580 ostendi
1258 3516 1349 3580 Pin-

227 3628 305 3691 dar.
329 3629 361 3708 5)
384 3647 546 3711 nusquam
571 3629 655 3712 apud
676 3628 852 3692 Pindarum
873 3629 1034 3712 digamma
1045 3630 1234 3712 positionem
1246 3628 1348 3694 facere

224 3741 361 3823 videtur,
383 3747 454 3805 tum
478 3743 564 3824 quod
584 3743 649 3806 iota
670 3739 779 3805 Dativi
803 3742 888 3825 apud
911 3743 998 3805 hunc
1021 3748 1145 3825 poetam
1170 3761 1211 3806 ne
1229 3744 1263 3806 in
1285 3745 1348 3808 arsi

224 3855 353 3937 quidem
375 3854 569 3936 producitur.

267 3966 434 4031 Praeterea
468 3969 593 4051 egregio
629 3969 776 4031 acumine
806 3967 973 4032 Hermann
1004 3970 1037 4031 in
1069 3968 1245 4053 fragmento
1269 3969 1346 4034 Pin-

224 4079 329 4142 darico
354 4081 404 4160 93,
428 4080 474 4142 sic
496 4079 577 4143 lecto
600 4079 685 4163 apud
708 4079 897 4144 Strabonem
919 4080 1004 4144 ΧΙΠ
1028 4081 1109 4144 626;

399 4190 469 4253 ἀλλ’
493 4184 546 4262 οἷος
569 4187 705 4255 ἄτλατον
728 4189 841 4272 κεραιζε
864 4193 929 4256 θεῶν

360 4308 362 4316 ’
400 4306 535 4383 Τυφῶνα
557 4304 988 4386 πεντηκοντακέφαλον
1007 4303 1130 4388 οὶνοὶνκρο
1149 4306 1220 4379 Ζεὺς
1247 4308 1344 4388 πατήρ

399 4415 428 4476 ἐν
453 4413 583 4494 Ἀρίμοις
608 4413 689 4488 aori,
