3430 5554
780 680 821 744 37

240 883 352 929 vereor
373 870 410 928 ut
432 863 569 928 sufficiat
590 865 675 947 quod
694 864 799 930 lenius
817 864 935 928 ibidem
948 865 1099 947 proposui
1119 864 1364 943 ὀφθαλμοῖς,
1393 949 1396 958 y

240 978 418 1061 (hominum
439 979 519 1059 scil.)
543 978 680 1042 oculis
704 980 881 1042 maxime
903 977 1192 1042 reverendum.

284 1211 324 1277 V.
345 1213 396 1275 62.
442 1208 519 1293 θΦροι
538 1209 581 1289 μέν
601 1210 700 1294 τοοροένρ
719 1209 851 1291 Κνροένοος
870 1211 981 1285 οὶσελθρς
996 1211 1106 1290 γένοντο
1119 1211 1363 1291 μοονσεθρονοΣΙΝ.

284 1323 399 1388 Nescio
430 1344 472 1387 an
493 1323 654 1388 Pindarus
678 1325 846 1408 scripserit,
869 1324 957 1408 quod
980 1345 1092 1390 omnes
1117 1325 1272 1410 dicebant,
1293 1325 1365 1390 otra-
1390 1336 1396 1341 “

240 1435 294 1510 aba
316 1474 357 1484 —
381 1435 651 1530 ροοονσενροοέΤΩΝ.

283 1656 323 1722 V.
349 1658 421 1721 113.
443 1655 583 1734 οὶχωνίοονς
617 1656 644 1720 θ’
675 1654 753 1737 έρκος
783 1651 857 1721 οἷον
887 1656 991 1731 σθένος,
1022 1661 1041 1722 i.
1066 1679 1093 1724 e.
1121 1660 1151 1722 έν
1176 1658 1203 1722 δ’
1225 1658 1365 1736 circulata

242 1766 368 1855 (ἔπλετο
390 1772 515 1841 τοιοῦτος
537 1769 570 1832 τὸ
593 1767 708 1855 σθένος)
735 1763 788 1834 οἷον
815 1769 868 1854 (σθ
892 1768 987 1842 σθένος
1007 1769 1149 1857 σέλεσοον)
1172 1770 1257 1852 ἕρκος.
1281 1772 1365 1839 Male

237 1884 339 1968 igitur
361 1880 468 1967 Bergk
490 1883 524 1944 in
549 1882 596 1946 ed.
619 1882 695 1944 Ivta
716 1883 859 1947 diremtis
882 1883 996 1948 litteris
1021 1884 1108 1948 dedit
1129 1877 1176 1946 οἷ’
1202 1882 1238 1948 ὃν
1259 1883 1363 1959 σθένος,

238 1998 273 2061 in
307 1995 426 2079 quibus
457 2000 618 2080 praeterea
648 1996 730 2060 male
759 1996 901 2060 abundat
928 2016 1105 2080 pronomen
1135 2000 1364 2082 possessivum.

239 2109 354 2175 Pind.
380 2110 430 2173 18.

286 2342 322 2406 V.
348 2343 420 2407 120.
444 2341 488 2420 pb
518 2378 562 2390 -
588 2341 705 2420 οὶνέροονν
730 2381 772 2390 -
796 2341 953 2407 κοοτοοσνοθο
975 2343 1192 2424 δοιμοολθζον
1214 2343 1362 2426 χρόνον.

237 2455 322 2539 Lege
351 2454 561 2535 σελεμθζον
591 2457 629 2520 cl.
659 2456 698 2520 N.
722 2457 804 2520 VIII
828 2459 879 2540 28,
903 2462 1032 2522 etcum
1054 2457 1200 2524 Heclrcro
1226 2456 1361 2540 θρθνον.

237 2569 369 2635 Ibidem.

280 2793 374 2874 Pyth.
397 2793 446 2856 VI
470 2794 521 2857 19.
543 2791 704 2872 σχέθον.
728 2792 828 2857 Miror
849 2793 1025 2878 Bergkium
1050 2793 1242 2858 scribentem
1268 2814 1362 2876 „non

238 2925 337 2970 ausus
354 2925 428 2970 sum
439 2904 553 2984 σχεθών
564 2905 713 2969 novarc”.
728 2904 791 2982 Qui
803 2910 931 2990 repente
943 2911 1006 2970 tam
1018 2906 1246 2990 pusillanimus
1257 2907 1360 2972 factus
1418 2895 1419 2900 ἵ

237 3024 285 3084 est
306 3021 356 3083 vir
380 3039 474 3104 saepe
494 3021 580 3083 iusto
604 3018 778 3083 audacior?
798 3018 887 3083 Num
905 3020 986 3084 forte
1005 3021 1164 3084 incertum
1183 3026 1232 3085 est
1242 3021 1361 3099 σχεθεῖν

237 3134 481 3214 osseaoristum,
504 3137 541 3196 ut
562 3131 713 3212 εἰργαθεῖν,
737 3131 911 3210 οθμννοοθεῑν,
933 3133 1083 3205 οὶλκοοθεῖν,
1104 3132 1259 3206 δονοκοοθεῖν,
1280 3133 1359 3197 εἰκον-

237 3245 303 3318 θεῖν,
328 3250 360 3310 et
381 3246 508 3310 nullum
531 3265 677 3330 unquam
700 3265 850 3331 praesens
872 3244 987 3324 σχέθειν
1011 3246 1196 3311 exstitisse?

280 3468 319 3531 V.
344 3469 386 3531 23
398 3487 444 3550 sq.
467 3467 495 3530 E
520 3466 665 3532 Chironis
688 3468 864 3552 praeceptis
886 3467 1037 3532 laudatur
1058 3469 1136 3533 hoc:

773 3578 893 3657 ababa
915 3579 970 3657 μὲν
994 3579 1136 3660 Κρονέδοον

523 3733 566 3742 -
589 3695 656 3757 θεῶν
677 3692 825 3771 σέβεσθοον·

522 3814 648 3877 τοοΤτοος
664 3805 702 3870 ’δὲ
724 3806 768 3884 μή
791 3829 864 3870 σοσε
886 3811 978 3884 σιμοῖς

521 3919 647 4000 οὶμείρειν
671 3917 775 3997 γονέων
798 3918 861 3997 βίον
883 3919 1076 4001 πεπρωμένον.
1111 3984 1114 3988 ,

279 4031 395 4117 Bergk,
429 4035 485 4117 qui
519 4038 603 4098 recte
636 4033 795 4098 intellexit
829 4053 1006 4116 pronomen
1039 4031 1156 4105 σοιθσοος
1187 4033 1263 4098 ferri
1292 4053 1358 4097 non

234 4164 338 4228 posse,
360 4145 445 4209 haud
466 4144 648 4210 felicissime
670 4147 705 4208 in
729 4147 776 4209 ed.
796 4145 874 4208 luta
897 4143 1004 4216 οὕτως,
1028 4147 1063 4208 in
1085 4145 1160 4208 IVta
1180 4141 1358 4230 οοῦσωςρνο-

235 4261 381 4342 posuisse
416 4259 494 4321 mihi
529 4259 665 4340 videtur,
696 4260 814 4342 quippe
844 4259 931 4342 quod
963 4261 1078 4323 misere
1107 4258 1267 4342 langueat.
1292 4259 1359 4322 Vix

235 4371 346 4437 dubito
368 4391 482 4436 verum
506 4391 593 4436 esse:

525 4487 649 4555 σοοΚσοῖς
672 4483 703 4548 δέ
726 4483 769 4561 μή
795 4507 866 4548 ποτε
889 4485 980 4560 σνροῖος
1003 4483 1062 4546 ari.
