3430 5554
880 681 900 741 8

331 866 438 945 optare
468 863 630 945 possimus
660 863 743 926 inter
773 861 929 926 Infinitivi
959 864 1197 928 terminationes
1226 871 1283 928 EN
1315 870 1448 937 etE1N‚

331 995 468 1058 quarum
500 981 636 1058 utraque
660 980 753 1059 poeta
775 995 855 1039 usus
878 983 934 1058 est,
958 977 1046 1040 velut
1068 979 1103 1040 in
1125 979 1194 1060 ipso
1220 997 1315 1060 quem
1339 984 1451 1043 tracta-

331 1109 404 1153 mus
428 1089 496 1152 loco
519 1095 701 1172 praeoptem
723 1089 857 1153 formam
880 1087 995 1169 γαρύειν
1014 1095 1142 1174 propter
1161 1111 1207 1154 vs.
1228 1092 1450 1155 antitheticum

333 1203 382 1263 14.
407 1201 514 1284 Ipsius
543 1208 653 1285 poetae
676 1202 852 1266 litteratura
876 1209 1038 1265 ΓΑΡΤΕΝ
1061 1203 1258 1286 significabat
1281 1207 1450 1269 utrumvis.

375 1313 437 1378 Sed
468 1319 542 1378 utut
573 1316 612 1379 de
642 1316 702 1378 hac
725 1315 954 1397 observatione,
978 1336 1076 1398 quom
1101 1329 1215 1400 urgere
1237 1317 1345 1400 nolim,
1367 1317 1451 1381 iudi·

331 1427 463 1510 cabitur,
498 1429 609 1492 saltem
644 1448 708 1491 non
740 1447 810 1492 eam
841 1429 936 1492 habet
964 1431 1030 1493 vim
1054 1434 1091 1493 ut
1113 1431 1274 1495 mordicus
1297 1433 1451 1496 retineam

331 1541 497 1621 δαρήσεται,
533 1563 589 1626 pro
625 1563 688 1627 quo
723 1543 793 1606 fieri
826 1548 930 1626 potest
963 1549 1001 1607 ut
1033 1549 1117 1609 recte
1147 1543 1254 1610 Naber
1283 1547 1453 1610 coniecerit
1549 1541 1551 1544 ’

331 1656 479 1737 δωρήσαιτο
503 1657 538 1721 0.
561 1657 627 1721 VH
652 1660 680 1721 3.

376 1877 415 1940 V.
441 1880 491 1942 50.
537 1876 714 1958 τραπέζαισί
736 1879 764 1941 τ’
788 1876 876 1959 άμφ1
901 1876 1072 1942 δεύτατα
1094 1882 1178 1958 κρεῶν

545 1990 624 2055 σε’άεν
647 1989 817 2055 διεδάσαντο
840 1989 893 2054 καὶ
917 1989 1026 2072 φάγον.

332 2132 414 2196 Dett.
445 2131 518 2194 libri
551 2129 745 2208 δεάμασοι.
771 2129 814 2193 Ol.
837 2128 1000 2210 Hesychio
1023 2150 1047 2193 s.
1071 2150 1100 2192 v.
1124 2110 1324 2207 δάσμοιτα·
1347 2129 1452 2209 διαμε-

331 2245 473 2326 ρίσματοι,
512 2247 647 2309 conieci:
686 2242 877 2320 δάσματα
910 2246 993 2323 κρεῶν
1028 2242 1197 2308 διεδάσαντο
1229 2246 1454 2329 periphrasticc

333 2361 454 2422 dictum
483 2378 540 2442 pro
563 2356 633 2436 κρέα
655 2355 825 2420 διεδάσαντο
848 2355 1013 2419 Pindar.
1036 2359 1065 2418 4.
1084 2356 1209 2421 Ibidem
1232 2379 1261 2421 v.
1284 2360 1325 2421 58
1350 2360 1453 2444 suspi-

333 2473 443 2536 cabar:
476 2466 525 2534 τδν
556 2469 612 2534 αἰεὶ
638 2473 770 2547 μενοινῶν
793 2467 978 2550 κεφαλάν
1002 2472 1068 2553 (pro
1092 2472 1250 2554 κεφαλαῖς)
1277 2470 1383 2548 βαλεῖν
1407 2473 1453 2535 εὖ·

333 2583 478 2663 φροσάνας
513 2585 626 2648 άλάσαι
660 2589 691 2647 et
725 2582 967 2646 dubitabundus
997 2583 1031 2648 F'
1062 2581 1123 2645 ὄάον
1153 2603 1209 2666 pro
1239 2587 1381 2660 μενοινῶν.
1404 2584 1453 2648 De

334 2702 494 2784 digamma
523 2701 606 2782 apud
630 2698 805 2762 Pindarum
831 2699 881 2781 egi
903 2718 932 2782 p.
958 2699 977 2760 5
1001 2698 1094 2762 etde
1117 2700 1320 2782 sequentium
1341 2699 1453 2763 verbo-

333 2833 406 2876 rum
430 2813 689 2895 interpretatione
712 2831 742 2894 p.
766 2811 843 2893 tisq.
869 2809 1062 2874 scholiastae
1082 2812 1121 2874 ad
1139 2831 1169 2873 v.
1190 2811 1229 2873 71
1251 2803 1366 2875 άθλσν
1383 2811 1453 2876 red-

334 2925 400 2989 didi
416 2945 473 3008 pro
496 2916 593 2994 άάλος.

381 3147 417 3210 V.
443 3148 514 3210 115.
539 3144 580 3220 εἴη
605 3145 638 3209 σε’
661 3170 694 3209 τε
716 3151 853 3209 τοῦτον
874 3145 949 3224 ὑψοῦ
972 3142 1072 3225 χρόνον
1095 3151 1198 3208 πατεῖν

543 3258 597 3337 tat
620 3283 653 3323 τε
675 3257 801 3323 τοσσάδε
823 3257 984 3339 νικαφόροις

544 3372 656 3450 ὃμιλεῖν
683 3370 849 3452 πρόφαντον
872 3370 964 3453 σοφίρι
987 3371 1051 3435 καθ’
1076 3367 1232 3442 Ἕλλανας
1245 3368 1329 3434 εὀ’ντοι
1342 3374 1452 3452 παντρῖ.

334 3511 437 3576 Schol.
461 3515 561 3574 τοῦτον
584 3509 613 3573 ὃν
636 3507 732 3589 ζῶμεν
756 3505 863 3589 χρόνον.
887 3507 962 3571 Non
978 3509 1150 3590 haererem,
1169 3510 1196 3571 si
1213 3509 1247 3570 in
1259 3509 1454 3592 praegressis

334 3631 390 3689 arrt
413 3623 622 3707 sequentibus
645 3627 858 3706 opponeretur
880 3623 946 3684 vite
969 3621 1054 3705 apud
1076 3621 1203 3685 inferos.
1227 3619 1322 3684 Nunc
1346 3622 1386 3686 de
1408 3639 1454 3703 eo,
1546 3621 1548 3624 ’

335 3739 392 3821 qui
414 3738 583 3821 hucusque
605 3735 680 3814 ὑψοῦ
704 3733 859 3808 ε’πάτνσεν,
885 3734 1091 3819 expectabam
1114 3734 1239 3817 potius:

545 3882 586 3958 εἴη
610 3883 644 3948 σε’
666 3908 699 3948 τε
722 3884 859 3948 λοιπὸν
884 3883 959 3962 ὑψοῦ
984 3881 1083 3962 χρόνον
1106 3887 1212 3946 πατεῖν
1236 3881 1296 3944 κτὲ.

380 4026 424 4090 ef.
456 4028 496 4089 97
510 4046 577 4109 sqq.
609 4025 649 4088 In
673 4025 820 4108 sequenti
843 4044 888 4087 vs.
913 4021 1039 4086 τοσσάδε
1062 4042 1128 4085 non
1148 4026 1253 4105 potest
1276 4022 1454 4105 significare

335 4137 449 4203 τοσάσδε
473 4137 583 4217 χρόνον,
609 4143 644 4202 ut
666 4140 771 4202 visum
796 4143 845 4200 est
867 4135 1025 4217 Disseni0,
1049 4136 1104 4200 sed
1127 4136 1238 4218 procul
1261 4135 1455 4199 dubiorecte

335 4256 399 4316 iam
433 4253 562 4316 Boeckh
593 4253 818 4334 interpretatus
850 4256 897 4314 est
926 4248 1008 4312 κατά
1037 4247 1161 4321 τοσόνδε,
1185 4249 1293 4313 haud
1316 4251 1454 4312 minus

336 4386 456 4448 quam
487 4370 531 4427 tu
563 4364 648 4428 alte
677 4363 889 4426 incedens.
915 4400 956 4408 -
980 4361 1029 4426 De
1050 4363 1208 4447 positione
1231 4361 1317 4444 apud
1337 4360 1455 4424 Pinda-

335 4499 408 4542 rum
444 4483 475 4542 et
497 4477 657 4541 vocalium
683 4476 883 4559 quarundam
909 4477 1085 4558 quantitate
1108 4476 1159 4558 egi
1181 4473 1349 4538 Pindar.
1375 4474 1453 4557 isq.
