3430 5554
806 687 847 749 69

311 868 391 932 (ium
416 867 573 932 obiectum
599 867 741 931 additum
766 869 884 949 malim,
909 872 977 931 tum
1001 869 1108 932 minus
1131 868 1183 930 hio
1206 871 1279 950 apta
1299 854 1389 930 'vide-

266 985 319 1045 tur
342 982 524 1044 coniunctio
547 980 691 1044 causalis.
716 978 821 1055 Quare
844 981 980 1044 oonieoi:

489 1091 555 1165 πές
578 1092 645 1172 σφ’
668 1087 723 1172 ἀρ’
752 1090 837 1172 ἀρχά
858 1091 920 1155 κπὲ.

311 1291 363 1354 Ad
394 1290 487 1370 Pyth.
519 1287 570 1352 IX
601 1290 650 1352 93.
681 1288 784 1352 Vetus
815 1286 985 1351 scholiasta
1014 1286 1151 1370 explicat
1173 1281 1231 1347 sire
1254 1323 1297 1335 --
1320 1282 1387 1357 εἷπε,
1414 1353 1415 1356 ¹

267 1421 327 1466 nee
348 1402 483 1467 fortasse
505 1400 529 1464 εἴ
551 1439 593 1448 -
617 1399 641 1463 εἱ
664 1420 701 1465 eo
725 1419 822 1464 sensu
845 1398 1228 1500 diotumsollieitandum
1252 1397 1364 1461 fuerat.

311 1599 364 1662 Ad
394 1597 487 1678 Pyth.
519 1596 570 1660 IX
602 1596 668 1660 113.
701 1597 873 1681 Vulgatam
904 1597 1071 1661 lectionem
1096 1597 1142 1660 sie
1164 1597 1389 1679 interpretatur

267 1709 403 1793 Mezger,
438 1714 475 1774 ut
509 1706 575 1788 πρὶν
605 1707 694 1785 μέσον
727 1701 810 1788 ἀμαρ
841 1709 917 1772 ἑλεῖν
940 1715 1033 1794 poeta
1056 1710 1222 1772 novaverit
1244 1728 1301 1792 pro
1322 1705 1388 1786 πρὶν

269 1813 352 1901 ἀμαρ
386 1821 463 1884 ἑλεῖν
492 1821 526 1884 τὸ
555 1819 653 1897 μέσον.
685 1821 825 1886 Multum
847 1827 953 1884 tumen
978 1820 1089 1885 dubito
1114 1840 1192 1885 num
1217 1822 1401 1903 quisquam·

268 1935 462 1999 Graecorum
494 1935 539 1998 sie
562 1934 753 1999 scribentem
774 1935 998 1999 intellecturus
1020 1934 1143 1998 fuisset.
1164 1933 1278 2017 Neque
1301 1933 1388 2012 αἱρεῖν

268 2050 313 2113 sio
336 2054 518 2132 usurpatur.

311 2233 405 2314 Pyth.
428 2231 480 2295 IX
504 2233 575 2295 129.
600 2225 662 2294 εἶπε
684 2230 711 2293 δ’
734 2230 763 2293 ἐν
787 2229 904 2308 μέσσοις
927 2229 1108 2306 ἀπάγεσθαι.

312 2346 419 2410 Nuber
440 2347 503 2430 legi
525 2345 615 2409 iubet
640 2343 889 2422 ἀγαγέσθαι,
915 2345 1000 2427 quod
1025 2346 1109 2408 siin
1132 2344 1282 2409 omnibus
1300 2344 1390 2408 libris

171 2498 172 2502 =
268 2459 435 2542 legeretur,
461 2457 609 2541 equidem
632 2459 665 2520 in
689 2454 861 2533 ἀπάγεσθαι
884 2462 1051 2538 mutarem,
1074 2458 1238 2539 quianon
1262 2457 1301 2520 de
1324 2456 1389 2520 du-

269 2571 398 2633 oenda
422 2588 569 2652 uxore,
593 2569 649 2633 sed
672 2569 711 2632 de
734 2568 993 2650 abducenda,
1012 2573 1049 2632 ut
1068 2569 1209 2652 praemio
1228 2569 1389 2651 victoriae,

268 2702 372 2747 sermo
407 2689 462 2747 est.
497 2682 649 2763 Similiter
681 2682 816 2746 verbum
847 2683 1060 2764 compositum
1092 2683 1308 2746 necessarium
1342 2688 1390 2747 est

268 2794 386 2858 Herod.
416 2794 433 2857 I
464 2795 543 2857 196:
576 2793 706 2856 ἐκδοῦναι
731 2783 761 2856 δὲ
785 2791 837 2864 πάν
861 2793 966 2856 ἑαυτοῦ
991 2791 1137 2871 θυγατέρα
1161 2791 1230 2873 ὅπερ
1253 2790 1388 2870 βούλοιτο

268 2904 372 2977 ἕκαςος
396 2906 446 2969 οὐκ
469 2902 545 2979 ἐξῆν,
571 2902 635 2968 οὐδὲ
657 2903 726 2968 ἀνευ
750 2903 900 2982 ε’γγυντέυ
923 2902 1216 2982 ἀπαγαγέσθαι
1239 2904 1291 2976 σὺν
1311 2927 1390 2986 παρ-

269 3018 343 3088 θένον
378 3016 544 3100 πριάμενον,
577 3019 648 3082 ἀλλ’
678 3019 829 3097 ε’γγυνπάς
857 3019 1067 3092 καπαςάσονπα
1090 3013 1109 3093 ἦ
1133 3019 1192 3097 μὴν
1216 3021 1389 3094 συνοικήσειν

269 3133 345 3212 αὐτῇ
380 3128 451 3195 οὕτω
485 3130 732 3224 ἀγαγέσθαι,
767 3132 823 3196 ubi
855 3134 973 3216 optime
1002 3131 1090 3196 Stein
1122 3133 1260 3196 correxit
1290 3131 1388 3196 ἀπά-

269 3245 425 3322 γεσθαι,
450 3247 514 3309 nisi
536 3245 617 3309 forte
639 3252 778 3330 praestat
800 3247 949 3310 Aonistus
972 3243 1198 3323 ἀπαγαγέσθαι.

313 3430 365 3493 Ad
384 3412 475 3495 Nem.
500 3430 517 3493 I
540 3430 592 3493 46.
615 3430 649 3494 Si
671 3427 765 3508 χάνος
788 3436 872 3495 reete
894 3432 1024 3514 eenieoi,
1046 3428 1153 3510 ψυχάν,
1173 3433 1388 3497 necessarium

270 3548 326 3627 est,
350 3546 400 3608 sin
429 3541 537 3626 ψυχάς
560 3550 644 3609 recte
668 3544 770 3627 habet,
792 3542 874 3623 χάνν
898 3546 1002 3608 conici
1022 3550 1133 3629 potest.
1157 3545 1284 3609 Placeat
1307 3546 1389 3609 Har-

268 3660 362 3742 tungi
392 3661 573 3723 coniectura
601 3657 765 3738 ἀγχόμενοι
796 3697 837 3706 -
868 3657 1067 3730 ἀνέπνευσαν,
1091 3658 1185 3722 modo
1207 3678 1265 3743 pro
1287 3661 1389 3738 χρόνος

269 3773 373 3854 aptius
397 3772 518 3854 aliquid
541 3773 718 3854 reperiatur
742 3791 838 3855 quam
861 3769 955 3850 χρόνῳ
978 3777 1034 3835 aut
1056 3768 1164 3849 λέχρις.

313 3954 367 4017 Ad
388 3953 479 4018 Nem.
502 3955 589 4018 150.
611 3954 690 4026 Ἑοῖς
710 3956 806 4020 nimis
825 3962 982 4021 remotum
1003 3953 1387 4032 anaietaRetineoi‘uae.

313 4138 404 4203 Nem.
427 4140 475 4202 VI
499 4141 527 4202 5.
776 4137 860 4203 ἀλλά
882 4162 910 4202 τι
934 4138 1131 4220 προσφέρομεν
1154 4138 1255 4217 έμπαν

490 4249 507 4324 ἢ
530 4251 630 4330 μέγαν
653 4251 711 4316 νθον
734 4250 827 4325 ἤτοι
850 4251 939 4332 Φύσιν
961 4252 1125 4326 ἀθανάποις.

313 4363 504 4448 Suspectum
535 4371 584 4429 est
613 4362 674 4438 θεον
697 4371 807 4429 eontra
829 4371 1027 4431 constantem
1050 4369 1268 4450 antiquiorum
1292 4371 1389 4453 sonip-

270 4480 375 4540 torum
406 4496 503 4541 usum
532 4479 673 4561 positum
702 4479 736 4541 in
766 4478 863 4541 altere
886 4477 1028 4542 membro
1051 4481 1225 4544 sententiae
1250 4480 1390 4544 disiuno·
