3430 5554
784 681 826 742 55

283 865 494 948 Superciliose
534 865 702 928 contemtis
743 861 876 947 reliquis
918 865 1044 946 criticis,
1087 863 1194 928 Naber
1228 864 1363 928 coniecit

239 978 254 1042 ε’
261 975 375 1055 πειγό
381 1000 507 1055 μενοι,
546 978 632 1062 quod
662 981 763 1060 poete,
787 976 946 1061 quidquid
977 977 1113 1060 scripsit,
1136 976 1273 1041 scribere
1297 996 1363 1040 non

239 1091 350 1174 potuit
384 1088 467 1155 Nem
501 1087 579 1156 νόςον
609 1087 788 1166 ἐπειγόμενοι
812 1088 1007 1173 significaret
1029 1108 1083 1153 eos
1106 1091 1140 1152 in
1163 1090 1363 1173 patrium

239 1180 535 1270 festine-ntes
570 1221 679 1268 caesos
713 1208 745 1267 et
779 1205 864 1287 rogis
898 1204 1064 1287 impositos
1099 1207 1254 1267 crematos
1285 1221 1363 1286 esse,

240 1317 326 1399 quod
350 1316 412 1380 dici
434 1335 500 1380 non
523 1321 646 1400 poterat
670 1316 709 1381 de
730 1316 771 1379 iis
796 1311 878 1398 quos
898 1316 1013 1399 inipso
1025 1314 1115 1380 urbis
1127 1317 1364 1400 oppugnatione

239 1449 259 1492 a
290 1427 447 1494 Thebanis
477 1428 720 1513 erumpentibus
755 1429 875 1493 cladem
899 1448 1011 1512 pessos
1036 1447 1107 1493 esse
1129 1432 1260 1493 constat.
1285 1428 1363 1493 Sen-

238 1543 336 1606 tentia
368 1541 471 1619 ferret,
507 1544 533 1606 si
565 1542 615 1606 vel
646 1541 707 1605 hoc
730 1542 769 1606 de
793 1543 929 1606 mortuis
953 1542 1015 1604 dici
1037 1545 1149 1625 potest,
1172 1538 1363 1617 γλυκέος

238 1654 280 1718 νό
291 1645 363 1720 sou
392 1652 571 1732 ἐπειγόμενοι
599 1655 647 1736 (cf.
672 1654 882 1719 Homerieum
905 1652 1092 1731 ἐπειγόμενός
1114 1675 1166 1733 περ
1189 1652 1282 1736 ὁδοῖο),
1307 1654 1362 1718 sed

238 1769 332 1832 metri
366 1769 445 1832 ratio
479 1770 526 1832 sic
560 1767 656 1833 scribi
690 1774 784 1833 vetat
814 1767 975 1852 Equidem
996 1768 1079 1831 nihil
1101 1767 1218 1832 melius
1239 1768 1362 1852 reperio

239 1878 1364 1965 quamquodproposuiPind.28vlsovtpvuo'pwoureditu

237 1993 518 2075 interclusi,
544 1998 582 2057 ut
604 1991 749 2073 ε’ρόιιεσόοοι
773 1992 813 2058 sb
835 1992 976 2058 Homero
1000 1994 1062 2057 dici
1088 1994 1199 2077 solent,
1225 1995 1281 2076 qui
1305 1993 1361 2057 oli·

239 2105 313 2170 cubi
343 2107 436 2171 inviti
471 2107 654 2172 detinentur
676 2115 708 2173 et
730 2113 905 2172 morantur.
930 2106 1032 2182 Quem
1057 2109 1273 2191 suspicionem
1296 2126 1362 2171 non

176 2203 178 2208 ¹
238 2222 426 2284 memoravit
458 2219 573 2303 Neber‚
605 2223 673 2285 sive
703 2221 895 2305 improbavit
918 2223 994 2303 sive,
1018 2241 1110 2284 suam
1136 2226 1172 2285 ut
1193 2226 1362 2305 promeret,

239 2334 278 2398 de
309 2335 468 2399 industrio
501 2335 636 2399 reticuit.
670 2333 710 2397 In
742 2335 891 2399 adiuncto
922 2335 1115 2399 Accusativo
1149 2333 1227 2402 νόςον
1242 2335 1362 2418 ¹saltem

238 2464 303 2509 non
337 2451 386 2510 est
416 2447 503 2529 quod
536 2447 734 2530 haereamus,
758 2467 833 2511 oum
857 2448 981 2512 dicetur
1003 2445 1107 2526 ἐρύκειν
1131 2446 1162 2510 σι’
1190 2471 1253 2510 πινι.
1278 2447 1361 2512 Vide

238 2559 383 2643 exempla
406 2560 491 2643 opud
513 2558 723 2624 Matthiaeum
747 2559 800 2623 Gr.
824 2559 877 2623 Gr.
902 2560 919 2643 p
944 2561 1019 2642 424,
1044 2563 1063 2623 2
1089 2579 1134 2644 sq.
1187 2577 1195 2590 ·

281 2747 319 2810 V.
345 2749 395 2811 28.
730 2752 832 2826 πεῖροον
854 2746 909 2822 μὲν
931 2744 1063 2826 οὶγοόνοροι
1084 2746 1285 2826 φοινικοςόλοον

346 2857 461 2939 ἐγχέων
482 2858 596 2924 ποιότοιν
620 2857 744 2924 όοονοότον
765 2857 830 2939 περὶ
853 2856 906 2922 καὶ
926 2857 1006 2938 ζονῖις
1027 2856 1109 2922 οὶνοι
1121 2857 1145 2936 β
1156 2856 1177 2922 οὶ
1188 2871 1209 2922 λ
1220 2871 1240 2921 λ
1253 2877 1266 2919 ο
1280 2881 1305 2936 μ
1318 2881 1359 2922 οιι

394 2965 400 2974 ’
1050 2971 1099 3056 [ὡς
1122 2969 1273 3051 πόρσισποι,
1297 2971 1358 3034 κπὲ.

281 3085 412 3151 Correxi
441 3086 463 3150 οὶ
475 3108 489 3148 ν
501 3109 522 3150 οι
534 3086 558 3164 β
568 3109 589 3150 οι
601 3100 621 3150 λ
632 3100 652 3150 λ
663 3084 677 3149 ε’
689 3109 766 3163 μεν
797 3087 860 3170 (vel
881 3083 1041 3163 όινοόβοιλλὲ
1063 3083 1144 3169 μοι).
1168 3084 1254 3148 Pin
1266 3085 1294 3148 d.
1318 3085 1359 3164 ll.

173 3267 180 3278 p
235 3197 388 3281 probante
410 3199 545 3294 lVabero.

279 3385 318 3450 V.
339 3387 389 3449 34.
413 3385 499 3459 οιὶδὼς
524 3423 566 3432 -
589 3383 751 3466 όιφὲρει
774 3383 819 3450 δό
829 3381 879 3460 Eu
892 3408 915 3458 ν,
940 3384 989 3449 De
1008 3384 1359 3469 industriaheecpoete

234 3499 363 3583 addidit,
387 3502 462 3583 quia
485 3499 605 3584 duplex
623 3505 671 3565 est
690 3498 785 3572 οἱδός,
800 3501 839 3564 de
860 3520 924 3583 que
937 3499 1087 3565 omnibus
1100 3504 1175 3563 noto
1187 3504 1263 3563 sunt
1277 3519 1359 3583 quoe

233 3613 316 3678 dixit
336 3613 498 3678 Hesiodus
523 3612 601 3698 Opp.
623 3633 764 3697 eumque
786 3619 916 3678 secutus
936 3612 1107 3697 Euripides
1126 3614 1160 3676 in
1173 3611 1357 3697 Hippolyto.

277 3799 316 3864 V.
340 3803 390 3866 37.
731 3804 832 3881 ποιῖνροι
856 3798 888 3863 δὲ
910 3799 935 3878 β
946 3802 1157 3864 ονλεῦσοιι
1180 3799 1268 3880 φόνον

412 3912 569 3990 παρποδίου
593 3912 721 3993 νεφὲλοιν
744 3912 848 3994 πρέψοιι
865 3911 933 3977 ποσὶ
952 3911 1114 3990 δυσμενέων
1126 3911 1233 3992 ἀνδρῶν
1244 3911 1358 3992 στίχοις

411 4026 497 4107 χερσὶ
521 4025 571 4091 uui
592 4031 684 4108 ψυχᾷ
707 4024 898 4090 deverel.

279 4143 383 4220 Quom
413 4146 558 4226 ineptum
593 4142 634 4204 sit
667 4139 827 4218 βονλεῦσιιι
861 4141 891 4203 b.
912 4140 932 4203 l.
968 4140 1092 4203 ostendi
1114 4139 1206 4203 Pind.
1227 4142 1279 4222 29,
1302 4140 1360 4204 ubi

234 4257 303 4321 dixi
332 4257 576 4320 incertissimam
607 4272 677 4318 esse
705 4255 942 4334 correctionem,
966 4258 1092 4316 tentans
1117 4251 1143 4314 δ’
1169 4252 1359 4332 ἐφορμῶ-

234 4391 331 4442 σοιν,
366 4367 408 4432 δέ
441 4390 519 4431 πον
554 4365 744 4448 λοιβρόν,
777 4367 845 4430 eliu
877 4364 1023 4431 Verbum
1046 4367 1180 4450 silotet‚
1203 4368 1307 4451 possis
1330 4365 1362 4430 δέ

235 4504 312 4546 πον
335 4484 500 4562 Φῦσιιν,
531 4481 587 4546 sed
607 4481 716 4546 locum
738 4480 934 4545 felicioribus
956 4479 1153 4544 commendo.
