3430 5554
897 645 939 706 24

365 828 518 891 correxit:
556 825 679 906 Τυφῶν’
715 826 1085 908 ἑκαταντακνὶρανον
1116 828 1176 892 xri.
1202 829 1343 893 adhibito
1366 827 1485 893 Iuliani

363 941 561 1023 imperatoris
582 939 709 1022 indicio,
733 941 790 1023 qui
812 939 911 1024 Epist.
935 939 1037 1004 XXII
1061 943 1125 1004 395
1149 942 1306 1006 scribens:
1331 939 1348 1014 ἢ
1372 939 1414 1004 ὅτε
1437 941 1485 1004 τὸν

364 1050 498 1130 γίγαντα
531 1050 580 1115 τὸν
614 1049 950 1131 ἓκατοντακὲφαλνν
979 1051 1019 1115 ἑνὶ
1051 1052 1191 1130 βλήματι
1214 1053 1345 1117 καθελεῖν
1369 1051 1484 1134 ἤρκεσεν

277 1233 278 1238 1
364 1167 451 1229 hunc
481 1166 588 1248 ipsum
622 1163 753 1228 Pindari
786 1164 891 1228 locum
923 1168 1103 1249 respexisse
1125 1167 1260 1230 videtur.
1285 1165 1356 1242 Qua
1379 1185 1486 1231 emen-

365 1278 491 1342 datione
522 1297 595 1341 cum
619 1281 650 1341 et
671 1276 811 1341 Pindaro
834 1283 970 1342 metrum
997 1285 1028 1343 et
1049 1279 1195 1363 Typhoni
1216 1279 1379 1363 legitimus
1403 1279 1485 1362 capi-

365 1395 434 1454 tum
458 1409 614 1454 numerus
637 1389 833 1473 restituatur,
853 1392 964 1454 merito
984 1410 1052 1454 eam
1073 1393 1107 1454 in
1127 1391 1175 1456 ed.
1185 1391 1300 1455 IVtam
1310 1392 1485 1472 lyricorum

364 1503 483 1586 recepit
515 1501 682 1586 Bergkius.
716 1503 914 1568 Huiusmodi
946 1505 1046 1588 igitur
1074 1504 1193 1568 formas
1222 1505 1296 1568 licet
1318 1504 1485 1588 explicare,

364 1623 448 1681 certo
470 1616 614 1701 probare,
633 1636 840 1701 nequeamus,
858 1619 1015 1700 patienter
1032 1619 1067 1681 in
1079 1617 1218 1682 Pindaro
1229 1617 1312 1682 ferre
1323 1617 1484 1699 debemus.

365 1729 448 1794 Fieri
471 1735 577 1793 autern
601 1734 705 1813 potest
728 1729 959 1812 utaliquando
983 1749 1024 1794 ex
1044 1728 1203 1794 Boeoticis
1224 1730 1325 1793 titulis
1338 1733 1487 1813 appareat

365 1861 418 1907 eas
441 1842 481 1907 ab
503 1843 559 1906 illa
582 1843 714 1907 dialecto
739 1843 859 1906 alienas
882 1862 946 1906 non
970 1861 1047 1906 esse.
1071 1841 1176 1906 Facile
1198 1844 1287 1906 nasci
1310 1848 1486 1926 potuerunt

363 1959 399 2021 in
423 1977 477 2022 ore
499 1958 610 2042 populi
633 1977 675 2022 ex
697 1957 776 2020 falsa
800 1956 1030 2021 vocabulorum
1054 1955 1342 2030 πεντακννταῖετής,
1366 1956 1485 2032 ἑξακνν-
1518 1973 1521 1980 ·
1571 1935 1573 1940 ’

365 2068 496 2147 raperis
528 2071 746 2154 similiumque
779 2070 932 2154 analogia,
957 2073 993 2134 ut
1016 2069 1045 2133 ν’.
1058 2090 1083 2133 c.
1107 2071 1193 2153 apud
1216 2090 1326 2136 omnes
1350 2071 1486 2136 Graecos

365 2181 480 2260 μνΚέτι
503 2184 647 2248 fallacem
672 2185 760 2248 vocis
783 2181 875 2247 οὐκέτι
899 2183 1122 2268 etymologiam
1148 2189 1256 2248 secuta
1279 2190 1334 2248 est
1357 2183 1487 2250 Nemini

365 2300 449 2360 certe
471 2296 523 2360 ius
547 2301 595 2360 est
617 2316 722 2359 unum
745 2315 786 2360 ex
809 2297 859 2360 his
883 2297 961 2360 locis
984 2302 1117 2379 mutare,
1140 2298 1202 2360 nisi
1225 2297 1322 2360 simul
1344 2298 1485 2362 indicare

365 2410 513 2492 potuerit,
537 2429 601 2492 quo
624 2413 715 2492 pacto
734 2408 939 2492 probabiliter
960 2410 1092 2493 reliquis
1115 2428 1349 2474 succurramus

409 2642 448 2705 V.
485 2643 535 2706 26.
571 2641 805 2708 Correctionem
839 2642 908 2722 παρ’
940 2640 1054 2706 ἰδόντων
1082 2662 1140 2727 pro
1170 2642 1239 2722 παρ’
1270 2640 1380 2716 ἐόντων,
1405 2663 1487 2729 quae

364 2755 475 2841 procul
511 2755 607 2819 dubio
642 2775 718 2820 vora
752 2759 809 2834 est,
841 2757 964 2839 primus
1000 2757 1139 2840 repperit
1169 2754 1299 2838 Comus,
1333 2756 1486 2821 lettres

365 2868 640 2954 ineditespag.
664 2870 715 2933 38.
738 2867 852 2933 Pind.
878 2868 928 2932 13.
989 2918 991 2921 .
1074 2951 1077 2954 Ι
1116 2899 1118 2903 r

410 3090 465 3155 Va.
490 3092 541 3154 27.
565 3083 617 3154 οἷον
639 3087 750 3163 Αἴτνας
772 3090 802 3154 ἐν
825 3083 1141 3170 μελαμφύλλοις
1164 3087 1278 3153 δέδεται
1301 3093 1454 3170 κορυφαῖς.

409 3203 573 3268 Montibus
603 3205 774 3288 ignivomis
805 3223 870 3267 non
894 3209 971 3268 sunt
994 3200 1211 3283 praetuleram
1234 3201 1360 3283 κορυφαί
1365 3229 1375 3278 3
1398 3223 1487 3287 prae-
1543 3199 1545 3206 ’

364 3323 450 3384 terea
479 3339 555 3383 vero
585 3318 716 3395 Aetnae,
742 3319 889 3382 altissimi
914 3319 1038 3399 montis,
1062 3336 1215 3381 cacumen
1235 3313 1389 3401 perpetua
1410 3319 1485 3382 nive

365 3437 484 3496 tectum
508 3438 563 3497 est.
586 3432 626 3494 V.
650 3433 692 3495 20
715 3431 840 3502 πανετὲς
863 3430 959 3509 χιόνος
983 3427 1078 3503 ὀξείας
1101 3429 1211 3504 τιθήνα.

410 3544 608 3630 Quapropter
630 3549 741 3630 poetae
764 3545 911 3608 reddam:

571 3651 624 3722 οἷον
647 3653 759 3729 Αἴτνας
781 3656 810 3720 ἐν
833 3654 1131 3737 μελαμφύλλου
1154 3634 1268 3721 δέδεται
1291 3661 1442 3738 κορυφαῖς.

366 3773 453 3856 quod
475 3773 600 3836 veritati
621 3790 754 3855 prorsus
779 3771 933 3854 congruit.
958 3768 1037 3845 Quis
1055 3788 1121 3833 non
1139 3771 1299 3834 inaudivit
1317 3770 1355 3834 de
1366 3772 1489 3834 Aetnae
1513 3849 1517 3855 Ι

366 3885 546 3950 castaneis?
564 3883 565 3888 ’
1442 3891 1444 3894 ’

408 4105 465 4170 Vs.
489 4107 540 4169 40.
564 4105 773 4178 ἐθελήσαις
796 4107 895 4167 ταῦτα
918 4101 969 4184 νόῳ
992 4101 1107 4181 τιθέμεν
1130 4103 1189 4168 nri.

410 4217 491 4282 (lum
514 4220 548 4281 in
572 4218 719 4302 precibus
741 4218 826 4302 apud
851 4217 996 4299 Graecos
1020 4222 1057 4280 ut
1075 4217 1164 4305 ,apud
1186 4215 1316 4280 Latinos
1339 4221 1370 4281 et
1388 4236 1488 4300 popu-

365 4331 414 4395 los
436 4329 501 4395 fere
523 4331 723 4412 recentiores,
748 4330 901 4393 sollemne
925 4331 966 4393 sit
987 4331 1036 4392 uti
1058 4330 1247 4412 imperativi,
1271 4349 1335 4392 non
1356 4330 1487 4412 optativi

366 4443 506 4507 secunda
529 4462 673 4526 persona,
699 4443 808 4506 merito
832 4442 885 4505 hio
908 4447 1056 4525 expectes
1078 4441 1093 4504 ε’
1100 4438 1272 4514 θέλησον.
