3430 5554
885 680 926 741 58

386 862 588 946 Corrigebam
612 861 796 940 λοιβαῖς
826 863 1177 944 ἀγαπαζόμενοι.
1200 865 1325 929 Pind.
1348 865 1398 929 30.
1419 864 1463 928 Of.

341 975 376 1038 P.
400 975 448 1038 IV
472 975 535 1038 240
560 973 716 1054 μειλιχίοις
739 998 772 1038 τε
795 974 892 1052 λόγοις
915 974 1114 1056 ἀγαπάζοντ’.
1136 975 1278 1042 Verbum
1299 975 1463 1057 ἁγνίζεσθαι

340 1089 540 1174 relinquatur
565 1090 775 1174 sequioribus.
804 1156 807 1166 ,

384 1323 495 1388 Isthm.
517 1324 533 1386 I
557 1326 586 1387 3.
720 1323 764 1400 μθ
788 1346 838 1401 μοι
860 1321 973 1403 κραναθι
996 1321 1157 1401 νεμεσοίται

408 1439 518 1507 Δοῖλος,
542 1435 578 1498 ἐν
601 1429 623 1516 ρῖ
644 1433 853 1514 κέχυμαι.

386 1571 450 1648 Qui
472 1574 530 1638 toti
550 1574 647 1637 dediti
670 1580 747 1639 sunt
768 1575 865 1638 alioui
887 1576 942 1656 rei,
966 1574 1119 1638 dicuntur
1140 1571 1285 1652 κεχθοθαι
1308 1569 1348 1645 είς
1367 1596 1396 1637 τι
1414 1574 1466 1638 vel
1575 1605 1577 1609 v

340 1684 409 1764 πρός
442 1708 481 1748 τι.
517 1684 622 1761 Quare
651 1687 739 1771 lego:
773 1686 813 1748 ἕν
838 1683 886 1750 ἂν
908 1684 1118 1765 κέχυμαι.
1148 1685 1192 1750 cf.
1215 1687 1252 1750 fr.
1277 1687 1317 1749 51
1341 1687 1410 1750 init.
1434 1691 1465 1750 et

341 1817 423 1882 quae
446 1800 596 1862 annotavi
618 1799 658 1862 ad
682 1799 717 1863 P.
738 1797 787 1862 IV
811 1799 873 1862 127
898 1805 930 1863 et
951 1799 1034 1863 VIII
1059 1799 1112 1863 69.
1136 1799 1268 1863 Ibidem.

383 2030 422 2093 V.
448 2031 497 2093 14.

404 2142 476 2205 αλλ’
499 2143 556 2219 ἐγὼ
581 2143 720 2223 Ἡροδότῳ
742 2142 857 2223 τεύχων
880 2152 1035 2208 ΤΟΜΕΝ
1059 2142 1172 2225 ι’ίρματι
1196 2143 1339 2224 τεθρίππῳ
1362 2141 1460 2224 γέρας,

404 2254 506 2318 οὶνία
527 2255 555 2319 τ’
580 2256 747 2338 αλλοτρίαις
769 2259 800 2321 οὐ
823 2256 909 2338 χερσί
934 2256 1106 2335 νωμάσαντ’
1131 2257 1216 2322 ἐθέλοι

407 2365 424 2441 ἢ
450 2368 591 2449 Κατορείῳ
614 2367 630 2442 ἢ
656 2368 772 2433 Ἰολιίοι’
797 2367 954 2450 ἐναρμόξαι
975 2394 1015 2434 νιν
1038 2367 1128 2451 ὕμνῳ.

384 2506 481 2570 Haud
513 2506 692 2590 displiceret
714 2509 792 2572 mihi
814 2509 855 2572 M.
880 2509 1047 2574 Schmidtii
1070 2513 1254 2574 coniectura
1275 2508 1398 2590 τορὸν
1421 2547 1463 2555 -

339 2616 438 2700 γέρας,
470 2621 533 2684 nisi
563 2620 705 2685 viderem
735 2622 911 2686 Pindarum
942 2643 1104 2706 nusquam
1127 2642 1164 2687 eo
1189 2624 1343 2688 adieetivo
1367 2641 1463 2688 usum

340 2752 418 2814 esse,
454 2734 508 2796 sed
544 2733 639 2816 longe
674 2739 758 2798 certo
791 2735 996 2818 praeferenda
1028 2742 1076 2800 est
1105 2735 1235 2820 Bergkii
1263 2732 1387 2820 (τεθμόν
1410 2735 1462 2798 vel

340 2846 363 2909 θ’
375 2844 465 2932 ὂμθν)
482 2853 514 2911 et
524 2846 699 2931 Hartungii
714 2845 844 2932 (μέλος)
861 2850 1057 2912 commentis.
1066 2847 1146 2912 Mihi
1157 2849 1246 2913 venit
1257 2849 1292 2910 in
1304 2852 1462 2912 mentem:

404 2958 476 3022 αλλ’
500 2959 557 3035 ἐγὼ
582 2955 722 3039 Ἡροδότῳ
745 2956 859 3038 τεύχων
883 2967 1029 3023 ΤΟΔΕΦ
1057 2959 1136 3046 (ποθ’
1159 2958 1232 3045 ἐφ’)
1258 2956 1372 3038 ἅρματι

1184 3070 1339 3156 [τεθρίππῳ
1361 3069 1459 3151 γέρας,

404 3181 482 3247 οὶνί
506 3185 521 3248 ε’
532 3206 546 3245 ν
570 3187 654 3266 (oum
677 3184 872 3269 Hartnngio)
896 3183 1063 3264 ἀλλοτρίαις
1085 3184 1146 3248 κτὲ.

383 3319 564 3396 Quominus
595 3321 678 3384 enim
703 3341 777 3385 enm
799 3320 929 3405 Bergkii
954 3321 1129 3386 scribamus
1151 3319 1208 3384 οὶνί
1231 3317 1292 3393 θέτ’,
1316 3319 1462 3404 prohibet

339 3438 488 3498 constans
512 3433 643 3497 Pindari
664 3455 754 3516 usne,
777 3437 830 3498 eui
853 3431 908 3498 ἅτε
930 3455 1109 3518 numquam
1132 3440 1180 3499 est
1205 3435 1386 3518 quippe.
1411 3433 1463 3496 Ad

339 3547 389 3611 ἐπί
409 3548 446 3612 of.
469 3548 552 3612 infra
575 3569 637 3613 vss.
663 3549 704 3611 26
729 3554 761 3613 et
787 3550 838 3612 47.

383 3773 422 3835 V.
448 3773 498 3835 28.

402 3887 459 3948 τῶν
482 3880 587 3964 οὶθρθοις
611 3882 807 3961 ἀνδησάμενοι
832 3882 961 3961 θαμοίκις

402 3995 504 4079 ἕρνεσιν
527 3996 642 4076 χαίτας
664 3996 792 4078 ῥεέθροισί
813 4021 846 4061 τε
870 3995 980 4076 Δίρκας
1003 3993 1111 4077 ἔφανεν
1132 3993 1184 4059 καί
1208 3996 1299 4075 παρ’
1326 3995 1398 4060 Εὖ·

972 4184 974 4190 !
1061 4107 1183 4193 [ρώτῳ
1208 4105 1369 4180 πέλας,
1394 4107 1454 4171 κτὲ.

377 4247 544 4313 Manifesto
568 4245 664 4319 πέλας
686 4249 720 4312 in
743 4249 802 4312 hae
826 4248 994 4312 verborum
1015 4246 1243 4330 compositione
1260 4245 1456 4310 maleabun-

334 4362 394 4426 det.
419 4361 546 4426 Conieci
572 4359 625 4425 καί
648 4360 717 4441 παρ’
741 4359 920 4438 Εὐρώτα
943 4361 1000 4442 (sie
1022 4359 1096 4423 iibri
1121 4361 1243 4442 omnes)
1268 4355 1319 4421 πθ
1326 4381 1341 4438 ρ
1355 4381 1386 4438 ῳ.
1412 4357 1456 4421 Of.

335 4471 371 4536 Ο.
394 4473 442 4537 VI
466 4475 517 4537 28.
540 4473 557 4537 I
582 4475 631 4536 95.
655 4473 688 4537 Π
714 4474 764 4537 14.
787 4471 822 4536 Χ
844 4475 896 4536 48.
