3430 5554
893 656 934 716 54

392 835 501 920 Vulgo
535 838 621 901 enim
655 837 737 902 mule
770 837 915 921 virgulae
947 843 1113 922 ponuntur
1145 844 1218 923 poet
1250 837 1309 903 θεόν
1338 845 1370 904 et
1402 845 1473 925 poet

347 951 516 1024 παναλαθῆ,
552 971 748 1035 quemquam
779 949 959 1029 κακόμαντιν
988 953 1040 1017 hio
1064 953 1230 1018 manifesto
1254 958 1302 1018 est
1325 953 1472 1018 substan·

348 1065 461 1146 tivum,
497 1065 607 1128 eodem
641 1065 737 1141 ¹modo
769 1065 916 1128 iunctum
939 1085 1012 1129 oum
1036 1066 1206 1144 παναλαθῆ,
1228 1086 1293 1150 quo
1316 1063 1375 1138 θεθς
1397 1086 1472 1130 eum

347 1175 453 1241 verbis
475 1176 507 1240 οὐ
534 1214 575 1223 -
600 1175 710 1253 ὁμοίαν.

392 1410 431 1473 V.
454 1411 506 1473 44.
533 1415 632 1490 χρεῖαι
654 1409 686 1473 δέ
708 1414 847 1473 παντοῖαι
869 1407 964 1488 Φίλαν
988 1408 1105 1489 νῖνδριῖν·
1128 1409 1169 1473 τθι
1191 1410 1246 1487 μέν
1268 1409 1356 1492 ἀμφὶ
1380 1409 1473 1483 πθνοις

474 1585 477 1600 ,
534 1523 716 1603 ὑπερώτατα·
732 1520 854 1600 ματεύει
873 1521 905 1585 δὲ
924 1520 975 1585 καὶ
995 1521 1095 1602 τέρψις
1114 1521 1178 1586 ἐνθ
1186 1546 1319 1600 μμασι
1339 1522 1474 1589 θέσθαι

534 1635 626 1703 πιςθν.
651 1635 711 1700 ντέ.

394 1749 537 1833 Merger:
566 1750 648 1831 „Am
671 1751 826 1815 hochsten
849 1753 892 1815 ist
914 1771 999 1814 zwer
1023 1751 1078 1814 der
1100 1750 1228 1816 Nutzen
1251 1751 1307 1816 der
1327 1752 1474 1817 Freunde

348 1864 382 1925 in
417 1863 473 1926 der
503 1863 589 1927 Noth
613 1901 654 1909 -
679 1863 755 1928 aber
777 1864 858 1927 uuoh
882 1863 933 1928 die
956 1863 1080 1928 Frende
1106 1863 1253 1949 begereht
1277 1885 1335 1946 vor
1356 1864 1472 1950 Augen

349 1968 391 2039 z'u
424 1976 535 2040 steilen
572 1976 612 2058 (d.
631 1977 661 2038 h.
693 1996 734 2040 au
758 1977 819 2040 den
841 1976 906 2060 Teg
929 1996 971 2039 zu
993 1976 1096 2060 legen)
1122 1977 1173 2041 die
1194 1977 1296 2041 Treue
1314 1977 1473 2068 tnttmlieh

350 2090 406 2152 der
427 2088 616 2170 Freunde).''
640 2088 731 2153 Cadit
752 2091 786 2153 in
810 2090 918 2154 oeulos
944 2110 1041 2173 quum
1061 2095 1204 2154 contorto
1223 2092 1264 2155 sit
1286 2090 1472 2156 ultimorum

353 2201 522 2266 verborum
556 2204 780 2285 interpretatio.
817 2200 980 2286 Oppositio
1013 2203 1154 2287 postulat
1192 2203 1293 2285 „uber
1316 2205 1399 2268 euoh
1421 2205 1472 2269 die

349 2314 473 2378 Frende
496 2314 627 2398 begehrt
650 2316 743 2379 einen
768 2321 880 2380 treuen
905 2315 1053 2398 (Freund)
1074 2336 1132 2378 vor
1147 2316 1264 2400 Augen
1282 2337 1325 2380 zu
1346 2317 1474 2382 sehen.”

353 2427 446 2490 Hine
462 2429 569 2492 neseio
593 2448 633 2491 an
659 2448 725 2491 una
749 2429 888 2492 litterula
910 2433 1033 2491 mutate
1056 2428 1279 2512 corrigendum
1303 2431 1360 2493 sit:

540 2538 663 2618 μαςεθει
687 2538 793 2604 δὲκαὶ
817 2538 918 2620 τέρψις
937 2541 964 2604 έν
988 2538 1141 2618 ὄμματ’
1165 2540 1319 2605 ἰδέσθαι
1339 2541 1472 2629 θθσιςθν.

395 2765 434 2828 V.
458 2766 510 2829 46.
534 2770 600 2829 σεῦ
624 2765 654 2829 δὲ
677 2763 778 2848 ποῖτρρι
802 2763 961 2845 Χαρινθδαις
984 2788 1017 2828 τε
1041 2764 1164 2844 λαβρθ
1172 2787 1186 2826 ν

539 2882 687 2959 ὑπερεῖσαι
710 2879 783 2944 λθθον
809 2885 960 2943 Μουσαῖον
983 2875 1065 2942 ἕκατι
1089 2878 1183 2942 ποδοῖν
1205 2876 1356 2957 εὐωνύμων

542 2992 587 3065 δὶς
610 2992 645 3064 δὴ
670 2991 752 3057 δυοῖν.

398 3106 482 3183 Quid
514 3107 565 3171 hio
599 3106 661 3171 sibi
691 3105 767 3171 velit
799 3103 908 3185 λαβρθν
931 3124 997 3169 non
1019 3110 1148 3189 exputo.
1170 3103 1259 3168 Mera
1282 3106 1366 3168 enim
1391 3124 1476 3168 eom-

281 3203 286 3214 ’
352 3227 460 3284 mente
494 3239 563 3284 esee
596 3218 737 3284 Dissenii
766 3220 1057 3302 interpretationem
1091 3220 1333 3302 ingentem
1357 3220 1476 3283 colum·

267 3335 270 3340 ’
351 3352 426 3396 nam
457 3338 488 3396 et
517 3331 655 3416 Mergeri
681 3333 755 3395 ein
791 3327 1116 3395 rausehendes
1139 3332 1184 3412 (i)
1209 3330 1475 3395 Musendenkmal

353 3464 446 3509 nemo
482 3465 580 3509 sanus
617 3443 782 3508 dubitabit.
816 3443 1019 3508 Vocabulum
1054 3444 1261 3527 depravatum
1295 3463 1365 3508 esse
1399 3447 1477 3509 satis

265 3593 269 3600 ·
353 3564 484 3623 constat.
514 3558 681 3622 Pindon
713 3559 764 3639 28,
788 3557 845 3622 ubi
868 3559 919 3642 egi
943 3558 982 3622 de
1005 3558 1103 3621 totius
1125 3558 1188 3621 loei
1210 3559 1476 3641 interpretatione,

353 3674 473 3736 oonieoi
503 3673 634 3753 λενρθν
659 3673 733 3754 (var.
754 3671 823 3736 leot.
847 3677 895 3736 est
917 3669 1031 3754 λαυρθν)
1056 3672 1094 3735 el.
1118 3671 1194 3735 Eur.
1218 3671 1332 3734 Baeoh.
1359 3673 1421 3735 982
1445 3677 1476 3736 et

350 3784 504 3869 Lycopbr.
542 3785 614 3865 159,
648 3803 708 3849 nee
743 3785 837 3848 hodie
869 3785 1046 3869 quidquam
1078 3785 1183 3868 aptius
1214 3786 1345 3868 reperio.
1369 3784 1476 3868 Bergk

351 3900 485 3962 eonieoit
506 3896 618 3977 βνθθρον.
645 3896 688 3960 of.
713 3896 749 3961 Ο.
769 3896 853 3960 ΧΙΠ
873 3898 903 3960 8.
918 3935 960 3944 -
977 3898 1114 3981 Insuper
1126 3898 1234 3960 malim
1255 3903 1300 3976 τῇ
1321 3895 1352 3960 δὲ
1364 3894 1472 3979 ποθτρρι.

394 4121 484 4188 Nem.
507 4121 558 4185 IX
581 4123 632 4183 22.
667 4119 715 4184 De
739 4121 867 4204 Argivis
890 4119 1012 4184 Thebas
1036 4119 1294 4204 oppugnantibus
1317 4120 1471 4204 legimus:

807 4232 944 4309 Ἰσμηνοῦ
969 4233 994 4296 δ’
1019 4232 1065 4294 ἐπ’
1090 4230 1207 4310 ὄχθαισι
1230 4231 1342 4310 γλυκὺν

545 4344 624 4412 νθςον
646 4342 890 4425 ἕρεισοθμενοι
913 4342 1073 4409 λευκανθέα
1093 4345 1211 4422 σώμασι
1228 4344 1337 4409 πῖαναν
1354 4342 1475 4408 καπνόν·

543 4456 622 4521 ἑπτα
644 4458 702 4538 γὰρ
723 4449 862 4522 δαίσαντο
884 4457 972 4539 πνραῖ
995 4457 1137 4536 νεογνθονς
1159 4459 1273 4538 Φοῖτας.
