3430 5554
798 657 838 720 21

253 840 323 904 inre
356 840 502 923 negantis
533 838 630 903 verba
662 836 799 909 ονλαίείς
830 837 966 916 οίγενείον
1000 839 1178 923 significare
1200 859 1293 922 posse
1317 859 1379 903 ex-

253 950 401 1016 clusus
434 950 687 1016 imberbium
721 954 960 1017 certamine.
993 953 1145 1016 Attamen
1167 953 1300 1036 pulchro
1324 952 1379 1030 illo

253 1055 306 1127 οἷον
333 1063 437 1140 νίγῶνα
469 1065 638 1148 (qua-ntum
671 1046 832 1130 certamen
842 1067 861 1146 ί)
884 1067 1007 1131 invitus
1032 1086 1155 1132 caream
1181 1070 1212 1130 et
1234 1067 1380 1130 vinum

252 1175 351 1240 fuisse
373 1178 407 1239 in
431 1176 515 1240 ludis
538 1176 746 1241 Marathoniis
769 1179 948 1262 praemium
973 1180 1070 1243 nimis
1093 1179 1214 1242 incerta
1238 1179 1378 1262 suspicio

252 1294 307 1353 est
333 1288 438 1364 Quare
463 1291 607 1355 conicere
630 1291 756 1356 malim:

439 1397 492 1468 οἷον
515 1403 542 1467 δ’
566 1403 595 1467 ἐν
617 1405 774 1486 Μαραθῶνι
797 1403 1008 1479 Ἑειλνίεὶς
1030 1404 1166 1483 ἀγενείων

439 1513 526 1592 μένεν
547 1515 651 1593 οίγῶνα
674 1517 734 1581 κπὲ.

297 1627 341 1692 uf.
366 1628 529 1695 Homerus
552 1629 580 1692 B
605 1631 679 1694 294.

299 1850 338 1915 V.
363 1853 414 1915 57.
448 1849 514 1932 πρὶν
538 1849 708 1928 Ὀλύμπιος
731 1850 853 1929 αγεμοίν

439 1960 558 2045 θύγατρ’
570 1964 630 2028 οίπὸ
642 1969 701 2042 γοῖς
713 1963 836 2027 Ἐπειῶν
849 1962 1008 2036 Ὀπόεντος
1019 1963 1216 2045 οίναρποίπαις,
1232 1962 1378 2037 ἕκαλος

436 2075 532 2154 μίχθη
556 2075 766 2139 Μαιναλίαισιν
791 2076 820 2139 ἐν
843 2074 958 2157 δειραῖς,
983 2075 1043 2140 κπὲ.

294 2184 426 2260 Ἔναλος
449 2190 585 2273 pessime
609 2189 702 2253 multi
723 2190 909 2273 interpretes
931 2193 1103 2272 praeeunte
1122 2188 1290 2254 scholiasta
1309 2209 1365 2256 ex-

248 2302 367 2386 plicant
399 2300 501 2385 λοίίρρ,
535 2303 699 2367 afferentes
729 2301 819 2365 Iliad.
843 2300 925 2365 VIII
950 2303 1012 2364 512
1037 2307 1068 2365 et
1091 2300 1148 2365 Od.
1171 2301 1271 2366 XVII
1293 2305 1368 2385 478,

248 2414 307 2478 ubi
338 2415 423 2478 idem
458 2416 626 2500 estquod
657 2434 781 2498 semper
811 2419 843 2480 et
873 2414 1004 2498 ubique,
1027 2415 1303 2498 tranquillus.
1329 2415 1369 2480 Of

248 2527 438 2591 Buttmanni
471 2526 612 2611 Lexilog.
635 2525 653 2591 I
678 2529 749 2590 135.
773 2565 815 2572 -
838 2526 895 2590 Vs.
920 2526 962 2590 40
987 2524 1030 2603 ραί
1056 2549 1103 2589 ννν
1127 2528 1208 2609 (sine
1231 2531 1374 2611 accentu)

247 2641 419 2725 legendum
449 2659 519 2705 esse
549 2646 581 2706 et
609 2660 655 2705 vs.
685 2641 726 2704 52
739 2660 785 2724 sq.
817 2660 877 2704 cnr
899 2637 1050 2703 οὶνοίπιιπιν
1073 2640 1244 2724 obiectum,
1269 2637 1375 2706 ἄντλον

249 2754 429 2820 subiectum
451 2774 521 2821 esse
543 2773 690 2820 censeam
712 2755 824 2819 monui
847 2753 1014 2818 Pindar.
1038 2753 1088 2817 12.

294 2975 419 3062 Olymp.
442 2977 477 3041 X
501 2978 529 3040 7.

380 3087 480 3154 ἕκαθεν
503 3089 561 3170 γὰρ
583 3091 710 3154 ἐπελθὼν
732 3091 746 3154 ί
770 3087 925 3168 μέλλων
948 3087 1048 3170 χρίνος

380 3203 451 3280 ἐμίν
473 3199 658 3282 καπαίοχννε
682 3201 760 3280 βαίὺ
783 3201 879 3282 χρέος.

379 3311 458 3392 ὅμως
481 3315 513 3379 δὲ
536 3319 624 3378 λῦπαι
648 3314 770 3387 δυνατὸς
793 3311 886 3389 ὀξεῖαν
908 3312 1089 3394 ἐπιμομφὰν
1107 3312 1190 3386 πόκος
1212 3313 1227 3378 o‘
1250 3319 1370 3380 νανπῖιν.

293 3428 375 3493 Cum
397 3430 658 3494 artificiosissima
681 3431 723 3493 sit
744 3429 960 3513 interpretatio
980 3429 1137 3512 participii
1156 3425 1283 3505 μέλλον,
1305 3449 1372 3494 una

248 3548 369 3607 mutata
404 3544 508 3608 littera
541 3544 665 3607 correxi
696 3539 892 3622 ὄφέλλων,
924 3547 1069 3607 vertens:
1093 3541 1192 3606 Nam
1217 3561 1234 3607 e
1257 3542 1371 3627 long·

246 3655 375 3739 inquo
406 3656 637 3721 adveniens
667 3660 830 3740 tempus
862 3656 1053 3748 augendo
1084 3660 1208 3740 turpe
1230 3657 1371 3722 redde-

246 3767 315 3832 bat
337 3770 490 3852 ingens
513 3787 644 3833 meum
669 3769 875 3849 debitum3
900 3773 1182 3833 veruntamen
1205 3769 1370 3834 diluere

246 3886 387 3965 potest
410 3901 543 3946 acrem
566 3883 942 3967 reprehensionem
965 3882 1089 3947 fenus
1113 3883 1212 3967 (quod
1236 3882 1369 3964 solvam)

137 4071 171 4092 Δ,
246 3995 471 4058 nauticum.
493 3994 621 4059 Pindar.
649 3996 700 4059 12.

290 4105 412 4172 Ibidem
436 4105 569 4186 ὑπέρβιον
592 4126 638 4170 vs.
662 4108 705 4176 29
728 4127 803 4171 oum
827 4104 959 4184 Αὐγέαν,
984 4127 1049 4174 non
1072 4127 1145 4171 cum
1171 4103 1272 4185 ροιοίίν
1294 4108 1369 4171 iun-

245 4221 386 4304 gendum
409 4240 479 4285 esse
502 4221 634 4301 ostendi,
656 4226 725 4285 tum
749 4223 800 4304 egi
824 4221 863 4286 de
885 4222 919 4284 vi
939 4221 1073 4285 voculae
1095 4219 1150 4283 καί
1169 4241 1199 4282 v.
1223 4221 1265 4284 30
1286 4221 1369 4284 etde

243 4333 501 4417 interpretatione
524 4353 587 4398 ves.
612 4335 652 4397 51
676 4339 707 4397 et
730 4336 782 4415 82,
807 4353 836 4397 v.
858 4335 899 4396 78
919 4334 1076 4418 virgulam
1092 4334 1188 4398 deleri
1201 4334 1284 4402 iussi
1296 4338 1369 4417 post

244 4444 407 4524 οὶγεοώχον,
432 4451 464 4510 et
482 4467 512 4509 r.
540 4447 580 4510 97
605 4448 744 4511 conieci:
